2484 4175
338 339 692 418 ,Hucuuu
745 361 829 438 975.
940 343 996 430 -48

130 493 333 564 Mulietibue.
349 494 433 558 vitoe
444 511 485 556 ue
501 489 649 578 aspiciant
665 509 705 555 ex
721 487 861 556 edversoi
886 486 923 554 P.
941 488 985 557 Et

131 635 256 704 Mirum
275 630 344 696 saue
360 632 458 698 nihils
485 632 535 698 sed
546 631 623 728 quisi
632 627 704 694 usus
720 627 871 696 tibimeii

301 789 433 860 propter

132 914 233 1004 Qud
248 916 410 1001 negotium
422 913 673 983 evocastiueum
684 931 726 976 ex
737 913 864 976 aedibus
875 858 999 996 oedem?
1137 949 1152 968 .

133 1053 182 1118 Η.
198 1050 351 1118 Privatim
367 1053 526 1138 meiipiius
537 1051 613 1118 'sane
628 1053 775 1138 quiddam
793 1053 834 1118 ud
853 1069 884 1117 te
897 1052 975 1116 uolo

134 1193 179 1286 Et
191 1194 306 1258 liberos
318 1186 422 1260 dicere
438 1212 528 1261 tuot:
550 1195 707 1261 ministros
716 1215 794 1259 vero
808 1196 884 1258 mihi

134 1334 306 1418 separaum
315 1336 390 1418 jube
399 1340 438 1401 ab
455 1338 505 1400 hie
521 1335 686 1399 abscedere
698 1336 855 1400 domibus.
896 1331 905 1352 ⁴

134 1475 175 1540 P.
192 1475 367 1544 Disteditee
393 1479 426 1540 in
440 1495 510 1547 tuto
527 1480 611 1544 enim
624 1477 698 1542 haec
710 1477 858 1540 solitudo.

139 1616 253 1682 Amica
269 1617 397 1700 quidem
415 1585 503 1688 uobis
515 1639 548 1682 es
560 1633 608 1694 tu,
628 1617 743 1681 amicus
756 1637 834 1680 vero
844 1613 917 1677 mihi

136 1759 303 1824 Exercitus
321 1758 536 1828 Achaeorum·
563 1758 628 1824 sed
646 1759 780 1858 iudicare
796 1775 826 1821 te
839 1777 917 1820 ton-

289 1900 374 1963 veuit

138 2039 227 2129 Quid
243 2025 387 2125 oporteat
403 2035 486 2105 felici
502 2035 633 2106 fortuna
645 2053 784 2105 utentem
802 2057 868 2101 nou
885 2033 977 2103 felici*

4 2198 5 2204 ’
138 2182 315 2249 Uttutibue
325 2182 431 2245 amieis
443 2182 615 2265 praestare:
634 2200 705 2245 nam
717 2196 839 2265 paratus
852 2178 919 2244 som
932 2198 1004 2263 ego.

141 2324 188 2390 H.
207 2324 354 2389 Primum
372 2322 498 2406 quidem
509 2321 574 2396 dic,
586 2322 698 2396 filium,
723 2342 817 2406 quem
828 2298 868 2387 ex

296 2485 365 2529 mea
404 2462 410 2476 ‘

3 2662 9 2692 ι
141 2604 244 2669 Manu
259 2602 474 2694 Polydorum.
497 2622 596 2687 exque
609 2605 708 2687 patris
726 2616 898 2688 acceptum,
926 2598 960 2665 in

142 2746 301 2813 Domibus
310 2746 419 2819 habet,
428 2764 467 2809 au
478 2743 572 2805 vivete
587 2742 644 2810 ulia
657 2744 765 2811 deiude
777 2760 806 2809 te
816 2746 1007 2828 interogtbo.

140 2888 181 2955 P.
201 2886 342 2951 Maxime
359 2904 400 2949 ex
416 2883 469 2947 tna
486 2882 613 2967 quidem
630 2880 704 2947 felix
720 2906 753 2947 es
766 2900 864 2969 parte.

143 3028 190 3098 H.
205 3028 237 3092 0
253 3025 435 3101 chatiiiime,
447 3044 537 3108 quam
548 3024 628 3085 bene
642 3037 674 3085 et
689 2984 785 3107 digne
803 3023 1007 3109 tuloqueris!

145 3167 183 3231 P.
197 3168 284 3257 Qid
294 3169 402 3253 itaque
418 3165 465 3229 vis
482 3162 623 3229 secundo
641 3159 716 3225 scire
734 3184 773 3225 ex
790 3162 867 3229 me?
893 3164 937 3229 H.
957 3168 1010 3230 An

128 3307 285 3371 'Parentis
298 3308 393 3387 hujus
406 3323 529 3368 memor
542 3301 587 3366 est
599 3300 720 3383 aliquid
734 3300 810 3367 mei!
835 3302 873 3368 P.
895 3305 932 3369 Et
951 3307 1011 3371 huc

147 3449 290 3538 Qidtm
299 3448 339 3515 ad
349 3464 380 3511 te
389 3446 511 3511 occulte
520 3439 685 3527 quaerebat
697 3443 811 3505 venire.
828 3442 871 3507 H.
883 3445 1011 3510 Aurum

147 3590 237 3655 Veto
253 3586 367 3661 salvum
380 3588 438 3666 est,
454 3585 544 3671 quod
553 3588 636 3651 venit
653 3604 693 3649 ex
710 3583 807 3661 Troia
821 3586 959 3651 habens?
997 3580 1000 3603 ¹
