2484 4175
259 312 350 429 me
430 324 968 422 OREsTEuumn

261 446 515 566 Clytemnelirae.
529 480 571 543 0.
581 477 669 568 Qid
681 474 819 542 fauna?
839 474 975 563 suggeris
987 477 1127 563 aliquam
1219 454 1220 463 ἵ

263 614 373 707 Spem.
392 622 426 684 E.
440 621 591 684 Libatum
603 618 729 684 inferias
742 622 779 687 ad
791 619 1001 703 sepulchrum,
1015 625 1082 685 vice

264 762 385 827 Matris.
404 762 447 825 Ο.
462 758 552 824 Ello:
570 761 648 844 quid
664 760 741 823 dieis
758 762 832 823 mihi
844 762 902 825 hoc
916 761 954 824 ad
969 761 1102 825 salutem

267 900 434 969 Confereus
446 904 456 961 ?
471 905 506 963 E.
518 900 626 985 Capite
636 900 1134 985 hancobsidemquandoredient.

267 1044 311 1109 0.
330 1041 427 1123 Cujus
444 1042 487 1103 rel
499 1042 575 1103 dicis
589 1043 652 1105 hoc
667 1040 725 1105 ell'e
740 1042 913 1106 remedium
929 1041 1019 1104 nobis
1030 1041 1134 1107 tribus

270 1178 411 1250 Amicis?
436 1180 471 1245 E.
489 1180 656 1245 Interfeela
668 1182 803 1259 Helena,
816 1179 837 1243 su
852 1184 929 1267 quid
941 1182 1108 1247 Menelaus
1219 1250 1220 1253 ,

274 1325 395 1389 Contra
407 1340 436 1387 te
449 1324 540 1387 vellet
554 1344 653 1407 agere,
668 1337 721 1385 aut
737 1324 835 1399 hunc,
846 1336 875 1384 el
891 1343 950 1399 me,
961 1326 1030 1407 quia
1041 1344 1137 1387 omne

273 1465 348 1529 Hoc
362 1465 496 1528 amicitia
504 1463 660 1542 junllum,
675 1484 773 1525 unum
788 1464 843 1555 eli,
858 1464 906 1527 dic
919 1464 1002 1545 quod
1016 1462 1054 1526 fis

274 1602 502 1667 interfesturus
518 1602 732 1678 Hermionem,
743 1618 775 1665 et
789 1620 915 1687 oportet
928 1622 956 1668 te
968 1605 1108 1691 gladium

277 1743 426 1836 Strillum
441 1745 556 1805 habere
567 1746 606 1805 ad
619 1742 715 1829 ipsum
728 1747 848 1809 collum
860 1706 1005 1831 virginiae
1027 1743 1048 1807 fi
1066 1758 1099 1809 te

278 1885 422 1963 Seruauit,
429 1901 533 1969 petens
541 1884 1142 1965 neinterficiaturfilia,Menelaus,videns

279 2024 407 2110 Corpus
418 2024 556 2090 Helenae
568 2027 599 2090 in
612 2020 977 2113 sanguine51inepatrem
991 2027 1141 2113 poffidere

280 2168 403 2230 Puellae
411 2187 540 2250 corpus:
554 2167 846 2252 liautemimpotens
855 2170 1039 2234 vehementis
1047 2169 1143 2234 animi

281 2306 379 2369 Volet
393 2322 422 2368 te
434 2307 620 2389 interficere,
633 2331 664 2374 et
677 2329 711 2374 tu
726 2309 816 2374 ferito
832 2311 953 2374 collum
965 2307 1108 2394 virginis.

165 2517 170 2527 x
283 2444 1142 2534 Etipsumexistimo,etiams1p1imumaderitvehemene‚

157 2660 160 2676 .
283 2585 409 2650 Deinde
427 2586 616 2652 molliturum
630 2592 788 2660 animum:
805 2611 870 2654 non
886 2590 967 2654 enim
978 2591 1085 2664 audax

285 2728 400 2811 Neque
412 2723 568 2790 fortis‘est.
596 2728 669 2793 Hoc
683 2731 783 2793 habeo
800 2729 890 2794 nobis

286 2867 560 2953 Propugnaculnm
575 2868 698 2939 salutis=
717 2870 799 2936 dilla
810 2871 852 2934 est
866 2871 982 2948 oratio,

156 3044 163 3053 -
266 3055 268 3058 ψ
288 3007 330 3070 Ο.
350 3005 380 3070 0
398 3006 514 3071 habens
526 3008 645 3073 virilem
660 3010 815 3089 animum,

288 3147 329 3211 Et
345 3168 461 3231 corpus
478 3151 560 3211 inter
576 3149 723 3212 mulieres
737 3151 902 3226 decorum,

290 3285 394 3374 Qum
407 3288 501 3371 digna
512 3309 544 3351 es
557 3289 653 3372 magis
665 3289 765 3355 vivere
780 3312 873 3374 quam
885 3293 978 3356 mori.

290 3424 435 3508 Pylades,
454 3423 552 3510 igitui-
569 3427 764 3501 frustraberis
782 3430 876 3496 miser
894 3435 949 3507 tali

292 3563 438 3644 muliere,
451 3589 584 3653 quaeum
599 3574 704 3650 vivens
715 3572 846 3646 haberes
862 3571 938 3642 felix
953 3571 1148 3660 conjugium.
1221 3585 1222 3592 ³
