2484 4175
253 334 290 409 0
317 329 351 404 R
377 328 408 404 E
434 330 458 404 s
482 326 570 403 Tr„
595 328 632 402 S.
688 348 791 427 ¹¹²3·
887 348 957 409 m
1059 398 1063 408 .

106 484 161 555 Bis
179 487 259 550 mori
276 464 494 567 uon²refugiu
519 480 553 544 Ρ.
573 478 634 543 Sed
653 499 755 562 neque
767 500 842 565 ego:
859 456 961 553 modo

107 628 182 693 Tibi
195 646 288 711 opem
297 622 405 689 feram.
424 623 466 686 0.
478 618 611 685 Oslende
623 641 700 697 rem,
712 637 742 683 et
754 618 879 705 perfice,
886 618 962 689 sicut

108 766 207 833 Dicis.
227 769 262 829 P.
278 765 434 829 lueremus
445 764 478 826 in
489 750 633 834 domum,
645 775 796 846 tauquam
809 761 962 827 morituri.

111 909 151 973 Ο.
173 907 294 985 Habeo(
305 908 379 980 hoc,
398 901 519 986 reliqua
536 920 601 964 nou
619 901 728 965 habeo.

112 1046 145 1111 P.
167 1045 421 1109 Lamentabirnur
432 1041 470 1106 ad
484 1039 576 1127 ipsam
590 1040 686 1104 dehis
697 1041 937 1126 quaepatlmur.
988 1007 992 1016 .

115 1185 157 1250 0.
174 1186 222 1250 Ut
240 1184 377 1249 exterius
390 1183 505 1267 ploret,
519 1185 549 1245 iu
566 1182 672 1245 animo
683 1183 830 1265 gaudens.
881 1156 885 1167 ⁸

116 1327 152 1391 P.
170 1325 207 1388 Et
222 1325 314 1389 nobis
328 1324 458 1388 aderunt
472 1324 579 1389 eadem
592 1342 673 1406 quae
684 1322 737 1395 illi,
749 1339 836 1398 tuuc,

118 1464 161 1529 0.
183 1464 304 1529 Deinde
320 1464 483 1548 quomodo
495 1464 556 1528 hoc
570 1464 739 1529 certamine
750 1461 949 1545 fungemur}

118 1608 154 1671 Ρ.
170 1605 323 1670 Occultos
341 1604 518 1669 habebimus
530 1604 650 1690 gladios
660 1602 715 1667 sub
725 1605 772 1667 his
783 1602 927 1668 vestibus.

120 1744 164 1809 0.
183 1745 246 1809 Sed
261 1745 349 1829 priua
363 1766 403 1809 an
416 1745 522 1809 caedes
536 1745 639 1829 aliqua
652 1742 847 1809 famulorum
859 1738 933 1808 fiet?

120 1884 147 1949 P
174 1885 384 1950 Excludemus
398 1905 464 1962 eor,
481 1884 577 1949 alium
591 1884 653 1949 aliu
666 1886 698 1948 in
714 1885 873 1948 domibus.

124 2026 166 2092 Ο.
184 1998 307 2092 Etcum
321 2025 376 2111 qui
392 1988 457 2090 nun
471 2025 610 2102 tacuerit,
626 2024 798 2089 interficere
810 2030 946 2109 oportet·

124 2171 159 2236 Ρ.
181 2169 302 2234 Deinde
312 2168 373 2255 ipsa
384 2186 434 2230 res
446 2164 580 2241 docebit,
591 2165 630 2229 ad
641 2185 719 2248 quae
730 2170 875 2249 oporteat

125 2307 282 2375 Tendere.
298 2309 347 2384 0.
356 2303 534 2371 Interficere
542 2304 707 2382 Helenam,
718 2301 850 2388 agnosco

122 2450 318 2538 Symbolum.
335 2448 371 2512 P.
387 2445 507 2510 Tenes:
525 2443 598 2510 audi
610 2464 697 2509 nunc
709 2442 948 2530 quampulchre

127 2589 284 2658 Consule:
304 2587 327 2652 fi
343 2589 427 2652 enim
443 2589 475 2651 in
490 2584 650 2651 mulierem
667 2583 826 2648 honestam

128 2728 327 2796 Mitteremus
344 2729 492 2813 gladium,
508 2725 567 2791 effe
581 2723 783 2811 ignominiosa
795 2725 924 2791 caedes:

120 2867 228 2970 ¹Nuuc
239 2887 316 2932 vero
327 2869 413 2932 dabit
424 2889 538 2952 poenas
550 2867 609 2931 toti
622 2865 789 2942 Graeciaea

129 3009 170 3075 Et
189 3009 259 3087 illis,
275 3029 410 3092 quorum
423 3025 561 3094 pareuter
574 3005 703 3077 occidit,
719 3021 750 3069 et
763 3027 902 3089 quorum

130 3151 265 3217 Liberos
279 3151 419 3234 perdidit.
431 3164 461 3212 et
473 3143 594 3232 sponsas
603 3145 677 3210 fecit
685 3145 809 3210 orbatas
819 3147 944 3225 matitia,

129 3289 362 3392 Eritjulrilatio,
375 3303 408 3352 et
425 3285 596 3352 accendent
608 3288 713 3371 iguem
723 3285 793 3361 diis,

131 3430 293 3496 Precantea
305 3431 362 3496 tibi
374 3446 406 3493 et
417 3427 494 3492 mihi
504 3425 599 3490 multa
610 3423 740 3510 gloriosa
748 3426 921 3511 obtingere,

133 3559 185 3635 Eo
195 3571 283 3660 quod
296 3569 425 3638 fecimus
437 3569 567 3636 eaedem
577 3567 677 3634 malae
688 3564 841 3632 mulieris.
