2484 4175
119 382 122 395 .
243 282 779 385 ORESTES.1034.
895 225 962 370 ui

31 487 36 496 ·
102 440 184 509 Sum
201 437 307 503 miser:
325 438 388 503 fine
401 433 571 521 praesentia
586 438 678 501 mala.
692 437 739 505 Ἐ.
758 439 789 504 0
807 437 897 504 miser
952 409 959 417 ⁴

15 606 17 647 ῑ
104 583 245 660 Orestes,
258 600 388 665 propter
402 598 489 642 tuam
502 577 736 643 adolescentiam
748 597 779 644 et
790 576 939 649 intumet

15 778 16 789 ,
105 721 247 787 Mortem
261 719 527 806 intempestivam!
548 718 723 803 Oportebat
735 733 764 784 te
776 721 910 799 viveres

105 860 249 950 Quando
260 885 323 928 non
336 862 470 946 amplius
480 884 522 926 es·
550 860 590 925 Ο.
604 862 652 926 Ne
669 882 723 945 per
735 862 819 927 Deos
832 862 962 946 injicias,

107 1004 190 1069 Mihi
210 1005 390 1081 molliciem,
405 1006 436 1066 in
450 1006 601 1089 lacrymas
615 1003 789 1077 traducens,
848 1060 854 1067 .

109 1144 450 1209 commemorationem
462 1147 630 1210 malorum.
649 1146 684 1209 Ε.
696 1145 962 1211 Moriemurtnon
1018 1133 1025 1150 ¹

13 1340 14 1347 ,
108 1284 159 1349 Est
167 1284 962 1369 poffibilenondeploraremalatomnibushominibus

109 1424 224 1490 Defieri
238 1426 310 1489 solet
322 1425 410 1491 chara
419 1432 489 1491 vita.
508 1424 550 1490 Ο.
563 1427 687 1491 Haecce
698 1427 761 1491 dies
773 1428 816 1491 est
827 1427 919 1491 nobis

108 1564 299 1630 constituta:
310 1584 433 1651 oportet
446 1586 548 1633 autem
564 1569 611 1633 vel
625 1570 756 1652 laqueos
769 1566 894 1651 penlilet

108 1703 316 1793 Suspendeie,
328 1710 376 1771 vel
383 1730 492 1773 acuere
501 1731 594 1774 manu
605 1710 754 1795 gladium.
769 1708 795 1771 E
815 1708 867 1775 Tu
880 1702 961 1777 nuhc‘

208 1870 271 1928 me,
283 1848 393 1929 frater,
404 1849 509 1928 occide,
522 1853 641 1935 nequis
654 1851 847 1935 Argivorum

109 1985 252 2065 Occidat,
263 1991 449 2056 contumelia
460 1972 699 2075 afficiensgenus
710 1990 961 2075 Agamemnonis.

109 2126 151 2193 Ο.
166 2129 244 2196 Satis
254 2131 297 2196 est
305 2131 423 2218 sanguis
434 2131 548 2210 matris,
558 2145 590 2195 te
601 2151 662 2195 non
671 2129 845 2195 interficiam
855 2151 914 2217 ego

86 2247 93 2260 ⁸
109 2267 245 2358 Qidem
255 2299 263 2340 :
275 2276 323 2340 sed
334 2275 468 2338 moriaris
475 2272 617 2358 tuiipsius
625 2271 772 2348 manibus,
780 2291 963 2360 quocunque

108 2417 214 2483 Modo
228 2421 285 2483 vis.
313 2417 347 2484 Ε.
365 2418 447 2482 Fiet:
461 2439 524 2482 non
543 2417 647 2478 vincar
660 2434 678 2476 a
690 2429 747 2478 tuo
758 2413 864 2499 gladio
913 2503 916 2510 A

110 2559 172 2622 Sed
183 2557 257 2621 volo
270 2558 400 2622 brachia
413 2558 605 2623 circumdare
618 2570 673 2619 tuo
685 2553 767 2618 collo

112 2697 156 2760 0.
177 2697 348 2761 Deleiieris
363 2700 448 2763 inani
460 2700 634 2780 voluptate,
648 2693 799 2789 liquidem
812 2695 874 2762 hoe

113 2833 316 2915 Deleilabile,
330 2839 524 2902 circumdar'e
535 2837 676 2915 brachia,
688 2836 727 2900 ad
740 2852 875 2901 mortem

115 2975 358 3076 Accedentibush..
377 2977 411 3041 E.
429 2983 458 3042 0
475 2976 659 3054 chariffime,
676 2999 698 3041 o
715 2977 832 3042 habens

45 3147 49 3156 ⁴
114 3113 325 3182 Desiderabile
338 3136 368 3181 et
380 3117 586 3182 dulcillimum
600 3139 716 3183 nomeu
729 3135 801 3183 tuae
814 3114 967 3181 sororiset

112 3257 225 3320 Unam
239 3258 384 3320 animam.
401 3259 443 3321 O.
458 3255 655 3344 Liquefacies
666 3279 728 3336 me,
739 3260 814 3325 volo
825 3257 882 3322 tibi

113 3393 183 3460 Res
180 3396 316 3478 pondere
329 3364 433 3462 officii>
445 3399 649 3464 brachiorum
662 3423 671 3465 t
688 3400 766 3484 quid
779 3400 863 3463 enim
877 3395 967 3464 miset

114 3535 324 3607 Erubescam?
345 3541 481 3625 opelius
493 3538 619 3622 sororis,
634 3561 655 3608 ο
669 3539 776 3608 charus
787 3539 953 3627 amplexus
