2484 4175
260 302 636 438 ou‘EsTEs.
692 358 800 460 1077?
897 383 968 446 rto

76 528 80 533 '
112 510 156 591 Ο.
175 512 340 605 Quorsum
351 518 551 580 enimattinet
562 530 725 579 temetum
738 511 841 579 mori?
903 608 906 614 ι

111 654 503 742 P.1nterrogastriqnorsum
511 652 970 751 verovivereliinetnaamicitia?

112 800 156 865 Ο.
172 794 564 863 Nontuinterfeeistitnam
573 778 965 884 marremstcutegnmistr.
1027 821 1033 827 ·

112 937 150 1003 Ρ.
166 943 208 1003 At
218 955 332 1005 tecum:
349 960 442 1025 quare
453 936 543 999 simul
554 949 585 1000 et
598 936 676 1001 haec
688 958 737 1000 me
749 940 813 1022 pati
824 953 965 1023 oportet.

114 1081 157 1146 Ο.
171 1077 668 1162 Reddetuumcorpnspatrirnon
676 1078 820 1143 moriaris
830 1100 967 1146 mecum:

114 1223 192 1287 Tibi
210 1221 295 1285 enim
307 1220 350 1285 est
364 1220 485 1299 civitas,
498 1221 572 1299 mihi
582 1235 689 1284 autem
701 1239 767 1282 non
781 1219 860 1299 jam,

114 1362 155 1429 Et
172 1363 283 1426 domus
293 1363 398 1445 patris,
409 1340 440 1425 et
458 1382 586 1446 magnus
601 1376 711 1445 portus
724 1360 916 1423 divitiarum.

115 1502 241 1587 Nuptiis
254 1519 357 1565 autem
372 1502 462 1584 hujus
480 1502 603 1567 miserae
620 1499 782 1565 frustratur
797 1519 842 1577 es,

114 1643 218 1734 Qam
231 1640 380 1725 despondi
394 1643 463 1721 tibi,
477 1646 640 1709 amicitiam
650 1643 821 1719 reveritum

114 1783 167 1848 Tu
176 1784 671 1869 antemaecipiasaiiamconjugem
679 1782 719 1845 ad
727 1780 965 1865 procreandum

117 1922 257 1989 Affinitas
270 1924 352 1987 enim
365 1946 432 2004 mea
448 1944 477 1987 et
491 1941 542 1989 tua
557 1944 620 1987 non
633 1920 832 2004 amplinaest.

116 2061 190 2140 Sed,
206 2064 436 2130 ndefiderabile
450 2084 565 2130 nomen
577 2084 662 2128 meae
675 2060 841 2125 amicitiae.

115 2202 215 2280 Valea
228 2225 384 2270 nonenim
393 2207 453 2270 hoe
464 2207 534 2269 licet
545 2203 647 2276 nobis,
656 2169 712 2269 tisri
719 2217 823 2267 tamen
832 2197 950 2278 licebitr

117 2343 202 2408 Nam
214 2315 336 2411 mortni
349 2346 511 2430 privamur
522 2343 651 2430 gaudio.
676 2335 679 2341 ’

117 2483 154 2550 Ρ.
166 2485 382 2554 Multumsane
390 2484 513 2552 abestut
524 2481 689 2568 affequaris
695 2476 967 2547 meumcnnfiiium

117 2622 233 2709 Neque
248 2625 426 2714 sanguinem
436 2647 544 2724 meum
556 2625 683 2706 accipiat
697 2617 892 2696 fetantem,

119 2737 633 2851 Nequesplendidusaether,srego
643 2759 968 2849 teunqnamprodens‘

119 2909 158 2977 Et
174 2909 307 2984 liberant
324 2927 425 2971 meum
438 2924 564 2988 corpus,
578 2898 733 2964 deseramt

119 3051 203 3118 Nam
216 3066 247 3114 et
260 3049 350 3113 simul
361 3045 500 3110 interfeci
513 3046 614 3120 illam
632 3065 694 3108 non
706 3042 846 3129 negabo:

107 3193 159 3276 ‚Et
170 3193 278 3257 omnia
289 3186 365 3254 suasi
376 3190 418 3252 ob
431 3207 512 3276 quae
523 3201 556 3249 tu
569 3200 644 3250 tunc
660 3186 715 3250 das
727 3204 856 3268 poenae.

120 3333 206 3416 Ergo
216 3347 246 3396 et
258 3332 347 3395 timul
359 3329 441 3393 mori
453 3347 504 3392 me
516 3340 640 3410 oportet
653 3339 758 3388 tecum
771 3338 802 3387 nt
813 3343 888 3388 cum
901 3323 969 3390 hae.

120 3473 227 3538 Meam
240 3475 321 3537 enim
333 3469 429 3546 iliam,
448 3470 498 3534 cui
511 3465 530 3532 s
524 3464 671 3552 pospondi
688 3465 826 3549 nuptias,

120 3613 236 3696 judico
253 3613 426 3700 conjugem.
460 3608 541 3674 Nam
558 3607 638 3692 quid
653 3627 791 3693 unquam
803 3605 971 3672 honestum

526 3749 559 3814 G
574 3768 597 3833 g
618 3765 638 3814 2
711 3796 720 3805 ,
