2484 4175
260 259 640 356 OREST'ES.
693 231 778 382 ςέο.
881 312 951 386 ιι4
1038 263 1042 267 ‚

89 431 223 519 Pylades
242 433 445 518 lachrymam,
461 448 492 496 et
509 435 695 497 comitantur
708 437 799 516 aurici

89 575 264 652 Plorantes,
283 571 474 639 miserentes:
496 576 581 638 venit
598 573 652 638 tibi

94 715 472 802 Acerbumspeeiaeuium
485 734 516 780 et
530 713 620 780 miser
633 713 783 803 aspeiius.

95 859 157 922 Sed
176 837 320 942 praepara
337 857 468 942 gladios,
485 872 537 921 aut
555 861 707 943 laqueum
722 859 815 940 colio,

96 998 178 1087 Qia
194 1013 314 1090 oportet
329 1015 358 1062 te
370 997 543 1080 relinquere
557 999 673 1081 iucem,
685 1017 716 1066 et
730 1006 878 1076 nobilitas

97 1135 187 1202 Nihil
205 1137 259 1200 tibi
274 1135 416 1223 profuit:
433 1157 531 1222 neque
546 1139 673 1224 Pythius

98 1249 242 1342 Phoebus
261 1275 365 1342 sedens
383 1281 415 1344 in
432 1280 584 1366 Tripode,
602 1279 655 1346 sed
673 1286 820 1370 perdidit·

100 1417 138 1481 C.
157 1421 188 1481 0
205 1391 314 1484 misera
331 1421 434 1507 virgo,
454 1438 491 1486 ut
509 1421 685 1490 obduttum

101 1558 236 1623 Vultum
252 1561 283 1623 in
303 1576 419 1626 terram
437 1563 615 1644 demittens,
631 1583 714 1633 muta
730 1591 775 1649 es,

101 1701 267 1788 Tanquam
281 1700 406 1768 cursura
417 1705 448 1767 in
459 1707 598 1790 querelas
611 1723 641 1772 et
655 1707 773 1795 lueins!

256 1861 781 1916 rnrrsrnornrcm

366 2000 651 2066 errorum

105 2124 143 2193 E.
165 2122 227 2203 Ah,
244 2122 296 2202 ah,
314 2121 428 2187 inchoo
444 2125 561 2206 iustus,
578 2149 599 2191 o
617 2127 760 2217 Pelasgia,

107 2268 240 2334 Mittens
257 2236 366 2330 album
382 2286 520 2351 unguem
536 2271 567 2332 in
583 2290 690 2355 genas,
818 2326 824 2335 .

110 2411 282 2475 Cruentam
301 2427 429 2484 noxam,

110 2554 151 2614 Et
165 2548 326 2634 fragorem
341 2550 461 2633 eapitis,
476 2572 570 2635 quem
582 2550 671 2616 natis
682 2552 727 2618 est
737 2551 794 2620 sub
806 2568 885 2621 tetra

111 2688 294 2753 inferorum
308 2688 445 2755 formosa
457 2690 601 2771 juvenilis
614 2692 695 2757 Dea.
744 2762 750 2769 ,
812 2784 816 2790 .

111 2829 222 2893 Ululet
240 2844 347 2893 autern
365 2846 448 2895 terra
465 2828 635 2917 Cyclopea,

50 3058 53 3067 Ι
113 2970 245 3035 Ferrum
260 2968 349 3054 supra
362 2984 457 3055 caput
472 2992 594 3055 ponens
609 2972 832 3053 [Atridarum]
847 2945 851 2951 ¹

115 3110 305 3176 Tonsorium
320 3124 450 3195 propter
463 3111 541 3175 mala
554 3112 682 3175 domus..

116 3250 173 3315 Illa
190 3250 351 3329 miseratio,
367 3232 512 3317 miseratio
521 3251 576 3316 tibi
587 3251 754 3316 eonvenit‘

117 3390 170 3455 Ob
187 3390 314 3470 occisos,

120 3531 186 3623 Qi
201 3503 377 3621 aliquando
388 3532 520 3604 fuerunt
532 3534 630 3601 duces
642 3497 806 3599 Graeeiae.
