2484 4175
146 214 150 227 ’
273 290 343 371 „7
444 237 988 373 onusrnntnn

266 421 426 487 Vocanter
443 422 563 493 liberos.
577 423 633 508 qui
651 438 703 486 tua
720 418 805 487 causa
823 426 1022 494 moriuntur.

265 564 302 631 Ρ.
320 560 493 648 Ocognate
506 564 567 627 mei
582 567 686 649 patris,
696 565 789 629 etiam
801 586 884 644 meas
896 587 1015 650 preces,

267 701 497 787 Agamemnon,
516 706 648 769 exaudi:
666 702 749 770 strva
766 706 886 772 liberos.

264 793 308 907 ὁ.
329 840 468 909 interfeci
481 860 619 908 matrem.
639 843 678 908 Ρ.
696 844 737 909 Et
754 867 812 932 ego
830 865 908 912 tunc
922 849 1054 915 tractavi

378 952 380 959 y
413 983 562 1067 gladium.

263 1116 302 1185 E.
322 1120 388 1205 Ego
406 1142 482 1187 vero
494 1139 524 1188 et
536 1122 659 1188 hortata
672 1122 749 1203 sum,
762 1144 792 1191 et
803 1129 928 1195 liberavi
941 1154 958 1195 a
969 1150 1076 1201 metu.

264 1262 308 1326 Ο.
328 1262 388 1341 Te,
405 1278 505 1348 pater,
523 1268 684 1331 ulciscens.
711 1266 749 1331 E.
768 1267 880 1355 Neque
890 1294 949 1359 ego
961 1292 991 1339 te
1008 1299 1091 1370 prn-
1219 1329 1223 1374 ⁴.

366 1434 382 1475 ‚-
412 1404 491 1470 dut.
909 1379 913 1392 ’

263 1538 301 1606 P.
316 1540 397 1625 Ergo
403 1544 657 1627 exprobrationes
666 1541 758 1611 hasce
769 1548 899 1615 audiens
909 1554 1006 1619 libera
1017 1576 1128 1626 nator-

261 1681 304 1747 0.
323 1684 404 1749 Libo
419 1686 475 1749 tibi
490 1687 643 1771 lacrymis.
663 1686 701 1749 Ε.
719 1686 759 1751 Et
770 1710 831 1775 ego
842 1693 1037 1761 lamentatio·

411 1824 513 1891 nibus.

259 1962 295 2029 Ρ.
315 1962 468 2043 Desinite,
485 1986 516 2031 et
534 1933 696 2053 pergarnus
715 1971 755 2033 ad
768 1994 861 2057 opus.

262 2101 423 2190 Siquidem
434 2113 515 2173 enim
527 2109 583 2174 sub
597 2127 709 2174 terrum
719 2134 824 2196 preces
836 2132 1010 2214 penetrant,
1023 2124 1128 2191 audit.

255 2241 312 2310 Tu
332 2267 421 2327 vero,
439 2271 459 2312 o
475 2249 609 2334 Jupiter,
628 2271 754 2334 proare,
771 2272 803 2319 et
820 2279 936 2320 numen
953 2258 1107 2343 Justitiae,

257 2384 341 2454 Date
355 2386 520 2454 succeffum
534 2394 563 2454 in
580 2391 638 2457 hac
652 2413 684 2455 re
698 2395 758 2474 isti,
772 2397 861 2472 mihi,
879 2417 909 2462 et
925 2402 1020 2466 huic:

182 2533 184 2538 “
254 2517 375 2590 Tribus
386 2528 466 2592 enim
478 2531 579 2593 amicis
590 2552 688 2598 unum
700 2552 871 2616 certamen,
882 2544 1050 2626 unumjus

254 2663 411 2746 Debetur,
423 2667 575 2753 autsimul
588 2673 702 2749 virere,
721 2693 772 2739 aut
789 2681 879 2740 moti.
901 2738 905 2748 ,

427 2803 913 2894 'ennicottun'rtss

508 2967 569 3012 rr
591 2967 611 3011 n
633 2972 689 3015 or
711 2974 735 3018 u
759 2976 780 3019 n
824 2977 852 3020 t.

248 3081 284 3150 E.
304 3083 335 3148 O
353 3086 460 3150 charae
483 3088 675 3174 Mycenides,
804 3132 809 3140 .

248 3225 339 3313 Quae
354 3229 422 3292 estis
433 3231 599 3313 primariae
620 3231 651 3292 in
666 3231 795 3320 Pelasgo
806 3236 869 3303 soso
883 3241 1099 3327 Argivorum.

247 3365 276 3430 C
305 3365 408 3456 Qum
426 3392 536 3435 vocem
554 3368 652 3447 sonas,
673 3395 694 3434 o
711 3381 910 3446 veneranda?

246 3503 357 3571 Manet
372 3511 487 3574 etenim
505 3511 604 3576 adhuc
622 3513 675 3576 tibi
691 3516 753 3581 hoc
769 3518 805 3582 in
