2484 4175
271 327 651 405 ORESTES.
707 356 789 430 904„
908 353 977 412 nt

119 475 266 563 Argivus
280 499 342 543 non
358 482 511 566 Argivus,
525 469 645 545 cubitos
659 466 848 577 protendens

118 617 232 685 Fidens
250 621 402 692 tumultu,
421 639 451 684 et
471 621 561 686 stulta
576 624 715 704 audacia,

20 815 21 820 ,
118 755 238 822 Valens
252 757 465 843 persuadendo
477 761 628 842 conjicere
641 784 696 828 eos
709 765 742 828 in
756 763 885 848 aliquod

116 887 326 978 Maium,dam
334 898 614 984 qnandofacundus
625 908 765 969 oratione
775 879 975 989 aiiquis,maie

118 1040 765 1128 Animatus,persuadetvuigo‚cstmagnum
773 1046 973 1113 malumurbi.

117 1181 312 1274 Qicunque
327 1197 431 1246 autem
444 1182 617 1266 prudenter
630 1181 713 1246 tetta
729 1181 900 1249 consulunt

15 1377 16 1382 ,
117 1321 258 1406 Semper,
276 1323 395 1388 etiamst
413 1345 476 1386 non
493 1321 607 1402 statim,
619 1337 722 1387 tamen
735 1321 840 1408 postea
852 1323 923 1407 sunt

116 1461 218 1526 Utiles
228 1463 306 1529 utbi.
316 1463 496 1548 Principem
507 1479 612 1528 autem
626 1480 746 1548 oportet
755 1433 954 1549 contemplari
961 1508 973 1544 ‚

115 1599 166 1666 Sic
181 1605 361 1668 intuentem.
383 1604 467 1670 Nam
483 1603 588 1668 fimilis
601 1603 646 1668 est
660 1605 801 1669 conditio

115 1743 256 1808 Dicentis
270 1747 440 1823 orationes,¹
453 1764 483 1808 et
499 1745 649 1809 medentis
663 1767 775 1823 mann,
844 1763 850 1772 ·

116 1882 184 1972 Qi
203 1885 281 1947 dixit
296 1885 430 1948 Orestem
442 1901 473 1948 et
489 1902 517 1948 te
531 1886 632 1948 occidi
644 1885 799 1970 lapidibus
810 1884 923 1950 debere

117 2024 284 2105 Conjediis:
304 2021 484 2089 subornavit
500 2041 603 2090 autem
616 2025 778 2110 Tyndarus
792 2004 948 2089 sermones
969 2016 973 2023 ⁵

115 2164 209 2230 Tales
223 2166 323 2229 dicere
336 2164 391 2243 iili,
404 2166 458 2249 qui
474 2186 527 2229 vos
542 2166 687 2229 occidere
698 2163 856 2230 studebat.
935 2254 940 2264 Ι

117 2307 211 2371 Alius
228 2302 351 2389 surgens
368 2304 447 2368 dixit
465 2306 537 2368 huic
550 2307 726 2383 contrariu
809 2324 818 2335 ·

113 2451 190 2514 Non
208 2444 351 2511 venustus
366 2442 475 2531 specie,
490 2445 543 2510 sed
558 2450 605 2510 vit
621 2446 722 2526 fortis,

11 2648 12 2655 ,
115 2589 202 2655 Raro
220 2563 356 2673 polluens
373 2587 544 2665 civitatem,
558 2604 591 2651 et
603 2588 758 2652 circulum
771 2584 848 2664 fori,

11 2759 12 2785 2
115 2730 295 2813 Operarius,
312 2726 369 2810 qui
386 2723 443 2790 soli
461 2729 616 2831 civitatem
631 2727 746 2792 salvam
760 2726 930 2811 praestant:

117 2868 179 2933 Sed
193 2885 310 2945 acutus,
323 2870 463 2931 cominus
478 2870 522 2931 ite
536 2866 718 2952 disputando
731 2870 875 2947 student,

115 3006 266 3093 Simplex,
279 3008 334 3089 qni
348 3010 467 3071 vixerat
479 3009 578 3071 vitam
591 3030 657 3071 non
667 3007 970 3091 reprehendendam

115 3150 146 3213 Is
160 3146 280 3213 censuit
291 3146 433 3213 Orestem
449 3149 550 3213 filium
565 3147 816 3231 Agamemnonis

116 3288 355 3373 Coronandum,
372 3290 429 3374 qui
443 3290 544 3355 voluit
555 3285 663 3351 ulcisci
676 3303 808 3370 patrem,
826 3285 830 3291 ’
884 3352 887 3363 ,

116 3429 311 3495 interficiens
328 3430 442 3493 malam
457 3428 623 3493 mulierem
639 3442 668 3490 et
680 3428 818 3512 impiam,

116 3570 205 3663 Qec
224 3573 352 3659 quidem
366 3567 576 3645 cessate-fecit,
596 3584 629 3631 nt
647 3588 740 3633 nemo
744 3565 814 3651 jam
827 3565 900 3635 velit

418 3692 584 3779 ἘΗ
