2484 4175
246 357 655 472 'O'RESTES
709 415 793 494 533.
891 410 983 492 ‘92

123 548 221 618 Alios
235 569 285 612 rne
296 547 404 614 audire
413 565 491 631 opus
500 546 546 610 est
556 547 596 610 de
609 547 797 630 rebus,quat
811 541 973 628 poffumus
1006 620 1012 632 „

121 691 263 756 Videre?
283 707 411 774 mergo
427 686 513 766 scias,
538 686 694 764 Menelae,
722 683 813 749 Deot

121 829 290 904 Contrane
302 830 407 909 facias,
418 828 643 908 volensjuvare
655 816 764 895 istum:

122 969 165 1041 Et
176 973 284 1038 finata
301 973 422 1042 civibus
432 970 559 1036 interfici
570 967 662 1048 saxis,

125 1110 195 1187 Aut
213 1133 279 1182 non
292 1115 404 1178 accede
417 1113 452 1182 iu
467 1110 650 1195 Spartanam
661 1125 786 1175 terrant.
825 1134 828 1142 ’

123 1249 199 1320 Mea
210 1252 274 1318 filia
283 1271 421 1332 mortua,
430 1250 515 1338 paffia
531 1249 686 1334 estjusta:
745 1288 748 1299 =

126 1394 186 1460 Sed
198 1415 264 1458 non
282 1411 349 1460 erat
365 1395 554 1462 conveniens
563 1392 699 1458 interfici
716 1413 785 1456 eam
795 1389 834 1456 ab
850 1390 922 1454 isto.

125 1533 195 1620 Ego
210 1552 314 1600 antem
326 1537 360 1600 in
377 1535 548 1601 aliiarebus
559 1529 628 1602 satis
638 1531 716 1596 felix
727 1529 788 1611 fui,

123 1673 250 1741 Praeter
261 1677 360 1746 filias:
381 1677 414 1740 in
425 1676 485 1740 hoc
504 1689 606 1741 autern
625 1669 777 1740 nonium
789 1670 877 1742 felix.

126 1814 165 1881 C.
184 1816 373 1880 Invidendns
390 1818 431 1894 is,
443 1821 496 1900 qui
515 1814 593 1878 felix
610 1813 654 1881 est
665 1814 774 1897 quoad
787 1814 921 1878 liberos:

127 1945 197 2018 Nec
217 1954 347 2039 insignes
358 1953 474 2040 aliquas
491 1955 679 2024 calamitatas
692 1975 745 2018 eos
763 1955 872 2018 nntius
882 1951 935 2016 eii.

127 2096 170 2159 0.
188 2094 337 2173 Oienex,
349 2116 408 2181 ego
426 2116 536 2159 vereor
553 2097 656 2163 dicere
668 2096 810 2159 adversus
821 2112 863 2173 te,

125 2236 195 2300 Ubi
207 2234 314 2303 dolore
327 2237 432 2319 aliquo
449 2236 616 2301 affeiiurus
630 2234 700 2306 sum
717 2238 854 2305 animum
865 2253 968 2300 tuum.

126 2366 201 2461 Ego
212 2376 343 2460 quidem
357 2374 422 2441 sum
436 2375 584 2459 pollutus,
597 2394 751 2459 quatenus
769 2374 910 2441 interfeci

116 2516 275 2581 Matrem:
287 2517 469 2612 impollutus
483 2532 587 2581 antem
598 2518 658 2582 alio
669 2517 891 2602 nomine,quod
903 2477 987 2582 ultua

126 2658 207 2727 Sum
226 2677 356 2745 patrem.
377 2658 480 2723 Abeat
491 2659 584 2746 igitur
593 2657 722 2743 longius
734 2659 773 2723 ab
785 2656 842 2721 isto
851 2654 988 2726 sermone

128 2782 203 2863 Tua
217 2798 371 2877 sentitus,
390 2820 468 2883 quae
483 2799 667 2867 interturbat
685 2819 740 2861 me
753 2798 921 2873 dicentem,

127 2938 167 3003 Et
184 2938 282 3003 redeo
296 2940 325 3001 in
343 2943 441 3001 viam:
460 2958 543 3001 nunc
561 2955 637 3003 vero
655 2960 770 3002 vereor
781 2957 875 3002 tuam

62 3092 68 3101 '
127 3078 294 3152 Canitiem,
310 3078 386 3163 quid
397 3050 559 3162 oportebat
571 3101 620 3142 me
630 3076 751 3150 facere?
765 3098 893 3162 oppone
905 3077 987 3139 enim

128 3222 209 3287 Duo
227 3220 362 3285 duobus.
389 3218 477 3283 Pater
495 3220 626 3303 quidem
644 3243 696 3284 me
705 3223 823 3304 genuit,
840 3236 893 3283 tua
910 3239 986 3283 vero

128 3362 204 3431 Filia
217 3362 353 3447 peperit,
368 3376 516 3443 tanquam
531 3380 601 3445 ager
616 3362 767 3443 accipiens
781 3358 884 3423 semen
899 3360 938 3423 ab

131 3504 226 3565 Alio:
242 3500 303 3565 stne
317 3517 404 3586 patre
419 3518 600 3567 autemnon
615 3500 713 3585 potest
729 3502 813 3585 gigni
825 3502 937 3583 proles.

122 3640 307 3725 Cogitabam
327 3664 405 3730 ergo
421 3643 660 3729 generis-autori

414 3772 436 3837 Ἃ
505 3784 558 3848 Za
