2484 4175
244 356 621 445 oensem)
678 370 782 467 ¹638.
886 373 956 463 ..ε

96 518 146 590 Μ.
164 520 247 613 Qis
265 538 297 586 te
310 518 506 607 alloquetur?
532 520 575 585 0.
592 522 780 610 Qieunque
792 520 836 586 est
848 540 954 587 amane

247 665 349 747 patris.
373 628 376 632 Ι

97 804 146 873 M.
165 803 231 897 Qi
248 819 354 867 autem
366 802 501 865 honorat
519 802 670 865 matrem?
690 799 732 865 Ο.
751 798 803 865 Est
820 800 909 865 felix.
939 857 942 864 .

99 943 149 1015 Μ.
171 948 225 1011 Tu
236 962 338 1009 autem
353 961 430 1008 non.
455 942 497 1007 0.
515 940 598 1033 Qia
610 962 676 1007 nou
693 943 815 1026 placent
825 940 904 1006 mihi

245 1086 351 1149 malae.

98 1223 146 1295 Μ.
167 1224 290 1292 Amove
304 1223 407 1293 ensem
419 1246 437 1289 a
450 1222 536 1289 filia:
550 1222 592 1289 0.
611 1222 758 1290 Mendax

249 1386 291 1432 a·
742 1337 747 1358 .

99 1502 150 1571 Μ.
168 1504 337 1571 Interficies
351 1526 452 1571 meam
464 1502 582 1571 filiam?
608 1503 648 1569 O.
667 1502 738 1587 Jam
751 1520 859 1567 nones
872 1521 958 1567 men·

247 1649 321 1713 du.

99 1788 151 1857 Μ.
169 1788 229 1855 Hei
242 1789 316 1853 mihi
327 1787 402 1873 quid
415 1785 549 1852 faciam?
577 1785 617 1851 Ο.
636 1780 792 1850 Persuade
803 1783 844 1848 ad
860 1781 957 1869 Argi·

252 1950 306 1993 vos
324 1927 530 2033 proficiscens.

100 2071 151 2140 M.
170 2068 276 2160 Qum
289 2067 466 2134 suadelam?
492 2068 533 2134 0.
551 2066 629 2135 Pete
643 2089 662 2132 a
674 2066 811 2146 civitate,
821 2084 859 2132 ne
872 2084 933 2131 noe

251 2191 384 2276 occidat.

100 2351 153 2421 M.
171 2353 239 2418 Aut
257 2353 354 2417 filiam
371 2371 469 2438 meam
487 2345 703 2414 interficietis?
727 2346 769 2413 0.
788 2347 842 2414 Sic

250 2459 314 2559 est.¹

101 2631 153 2698 Μ.
173 2632 205 2697 0
221 2631 328 2698 misera
345 2613 486 2702 Helena!
513 2630 555 2696 0.
576 2631 631 2697 An
646 2646 733 2732 meae
747 2651 796 2696 ree
808 2649 872 2695 non
886 2625 959 2694 sunt

254 2773 398 2838 miserae?

103 2911 155 2978 Μ.
175 2912 299 2978 Advexi
311 2915 367 2978 tibi
380 2913 536 3012 vistimem
549 2933 590 2976 ex
605 2909 804 2998 Phrygibus?
830 2909 872 2975 0.
889 2907 962 2974 Uti·

255 3074 328 3118 nam
340 3055 402 3118 hoc
414 3051 496 3120 effet.

104 3193 156 3261 M.
176 3193 329 3258 sustinens
341 3194 465 3258 labores
478 3211 614 3278 magnos.
632 3191 675 3256 0.
689 3192 765 3256 Non
777 3211 844 3256 men
854 3206 962 3258 tamen

257 3330 359 3398 eausa·

107 3471 160 3537 M.
179 3473 303 3540 Acerba
315 3472 412 3558 peffus
425 3469 503 3536 sum·
529 3471 569 3536 0.
584 3469 682 3540 Tunc
694 3471 779 3538 enim
792 3491 859 3537 erae
875 3471 949 3537 inu·

261 3615 335 3680 tilis.

473 3749 583 3820 002
