2484 4175
222 329 298 444 '37
419 341 511 419 HE
536 343 567 417 C
590 342 629 418 U
655 329 686 417 B
710 334 755 419 Α.
806 366 893 443 7400·

250 490 372 569 Plorat,
389 494 479 575 quod
495 508 602 558 aetum
613 493 658 559 est
671 514 758 573 tero,
775 514 838 557 non
856 494 955 573 dicis;
971 494 1096 581 quincii

251 630 339 697 Hie?
357 630 403 696 H.
419 630 481 695 Sed
493 633 517 695 fi
530 653 579 697 me
592 628 711 697 servam
729 628 915 716 hostemque
934 630 1050 699 ducens
1137 688 1139 693 ,

253 771 428 855 Agenibus
445 772 611 857 repelleret,
630 771 773 837 dolorem
784 772 890 857 utique
901 770 989 836 nobie

254 910 447 997 Augentum·
467 911 509 975 A.
524 910 599 976 Non
611 908 676 976 sum
693 927 789 987 vates,
801 926 838 975 ut
853 930 919 975 nou
936 912 1061 1003 audien}

252 1050 368 1117 Poffim
380 1050 562 1137 investigare
580 1068 708 1115 tuorum
719 1052 800 1115 vium
818 1050 1023 1117 confiliorum.

255 1192 301 1258 H.
314 1190 553 1275 Aninterpretor
563 1190 689 1275 quidem
695 1190 735 1255 ad
743 1190 773 1254 id
785 1188 873 1275 quod
885 1191 1047 1256 inimicum
1058 1186 1102 1256 est

257 1332 360 1417 Magis
373 1348 518 1403 mentem,
532 1331 620 1413 hujus
638 1330 796 1395 existentis¹
804 1332 988 1415 neutiquam

142 1485 144 1488 ’
257 1470 401 1538 Inimici?
417 1474 458 1535 A.
471 1470 504 1535 Si
523 1472 648 1555 quidem
662 1490 711 1535 me
724 1472 768 1534 vis
781 1472 892 1536 harum
910 1468 989 1532 nihil
1006 1466 1081 1532 scire

258 1618 384 1690 Retum,
399 1612 438 1674 ad
453 1611 534 1676 idem
552 1612 659 1674 uenis:
675 1612 786 1689 etenim
800 1586 862 1677 ¹nee
882 1633 942 1699 ego
954 1610 1060 1681 audite

261 1753 360 1816 Volo.
379 1751 421 1815 H.
433 1750 526 1814 Haud
544 1748 663 1833 possum
680 1750 791 1836 absque
806 1752 864 1817 hoc
880 1751 984 1819 ulcisci

264 1892 393 1957 Liberos
411 1910 519 1965 meos3
536 1890 613 1973 quid
627 1890 719 1955 volvo
736 1890 836 1958 haeci
913 1907 916 1915 ·

267 2034 395 2100 Audere
412 2029 526 2096 necess'e
539 2028 592 2110 est,
605 2032 665 2096 tiue
679 2030 858 2118 consequar,
873 2028 932 2098 stve
947 2048 1008 2094 non

263 2172 454 2258 Consequar.
472 2173 705 2256 Agamemnon,
720 2175 856 2260 supplico
871 2172 926 2238 tibi
937 2193 994 2256 pet·
1009 2171 1084 2238 huet

267 2313 382 2378 Genua
394 2329 424 2376 et
438 2329 524 2403 tuam
535 2313 661 2378 barbam
674 2315 875 2402 dextramque
889 2311 1022 2376 felicem.

266 2455 309 2517 A.
326 2454 432 2544 Qum
448 2472 514 2516 rem
531 2451 697 2536 quaerens?
711 2471 814 2520 utrum
831 2451 956 2520 liberam

261 2591 367 2655 Vitam
380 2591 555 2675 consequi?
574 2591 662 2658 facile
674 2595 758 2658 enim
776 2593 825 2658 boc
837 2595 880 2658 est
897 2593 963 2658 tibi.
1015 2607 1020 2622 ¹

184 2775 187 2781 -
262 2731 308 2797 H.
321 2729 399 2794 Non
417 2727 501 2796 saue:
519 2732 616 2796 malos
634 2732 752 2796 etenim
768 2729 915 2800 ulciscens

262 2871 372 2935 Vitam
383 2869 557 2934 universam
574 2870 685 2936 servire
697 2873 783 2938 volo.

267 3010 309 3073 Α.
330 3011 375 3075 Sit
390 3007 476 3088 [ποις
491 3012 565 3095 quid
578 3032 632 3076 nos
645 3015 677 3078 in
695 3015 844 3080 auxilium
856 3013 970 3082 votas?

264 3147 310 3212 H.
327 3149 419 3220 Nihil
431 3151 558 3228 horum,
573 3173 653 3234 quae
671 3167 704 3215 tu
722 3169 857 3239 putam
874 3175 948 3218 rex:

266 3288 364 3353 Vides
378 3291 509 3354 cadaver
527 3290 602 3364 hnc,
622 3293 853 3378 propterquod
871 3291 1004 3358 effundo

265 3425 442 3516 lacrymas?
462 3431 505 3494 A.
519 3429 639 3494 theo:
656 3430 705 3496 sed
722 3431 864 3496 futurum
881 3451 944 3495 non
962 3427 1093 3514 pofl'um·

267 3567 365 3634 Scire.
374 3569 417 3635 H.
431 3571 608 3646 Hnucolim
621 3573 737 3658 peperi,
744 3585 774 3636 et
785 3569 905 3658 portavi
917 3568 972 3635 sub
981 3565 1118 3655 cingulo.
