2484 4175
273 370 322 461 69
446 348 947 457 Lo'RES'TEs.'40.

273 515 416 596 Moriens
434 532 542 588 mater,
561 513 724 599 purificata
738 510 782 579 eil
793 532 907 597 corpus
924 513 1019 599 igne:

273 654 362 719 Intra
373 677 470 741 quem
486 676 589 739 neque
602 654 710 718 cibum
724 674 781 737 per
798 649 917 717 collum
933 657 1067 741 accepit,

275 796 389 877 Neque
402 796 559 861 lavacrum
574 793 662 865 dedit
681 795 823 879 corpori,
841 791 892 859 sed
909 795 990 859 intra
1003 796 1123 862 vestem
1227 792 1235 871 l

277 932 616 1021 Occultatnr,-quando
630 953 744 1017 corpur
759 930 951 998 lentunen
963 885 1086 1009 inorbo,

207 1165 214 1174 ,
278 1076 359 1141 Sana
376 1092 478 1141 mente
495 1077 601 1163 plorat
614 1044 809 1157 §aliquando
821 1092 860 1139 ex
877 1074 973 1151 lecto,
1061 1065 1063 1069 ’

278 1217 376 1281 Exilit
390 1216 494 1291 velox.
510 1216 587 1282 ficut
604 1227 705 1299 tquur
722 1212 838 1297 ajugo.
953 1258 959 1274 Ι
1084 1240 1088 1249 ·

226 1355 228 1358 ’
248 1323 253 1345 ’
280 1356 449 1421 Decretum
467 1369 571 1422 autem
583 1354 707 1419 factum
719 1354 763 1417 est
778 1354 828 1417 hic
844 1352 951 1437 Argis,
963 1373 1066 1438 neque
1079 1376 1141 1421 nos
1228 1350 1235 1397 i

222 1564 226 1569 ,
277 1496 392 1575 Tecto,
401 1517 504 1586 neque
518 1497 594 1580 igni,
607 1493 747 1578 recipere
761 1518 770 1556 r
789 1508 820 1559 et
832 1496 951 1576 nequir
963 1494 1142 1583 alloquatur

279 1636 478 1701 Marricidas.
503 1634 593 1699 Haec
605 1634 671 1699 dier
687 1648 792 1699 autem
806 1632 848 1699 est
859 1634 1037 1712 constituta,

279 1776 317 1839 ln
335 1793 397 1858 qua
407 1754 514 1839 ⁴forent
529 1772 713 1841 sententiam
730 1774 858 1861 Argivi:

282 1916 335 1979 An
349 1931 490 2001 oporteat
506 1934 565 1979 noa
581 1914 666 1979 mori
678 1914 833 1999 lapidante
850 1912 938 1992 saxo,

282 2057 337 2120 Au
354 2051 460 2122 cosenr
476 2071 620 2120 acuentes
636 2054 716 2121 collo
734 2056 890 2130 incutere.

279 2196 438 2262 Habemus
452 2212 554 2262 autem
567 2197 729 2280 quandam
746 2192 843 2280 spem,
860 2195 950 2281 quod
967 2214 1032 2260 nou
1047 2195 1138 2258 scmus
1233 2275 1234 2280 ἵ

279 2336 441 2422 Morituri.
468 2335 564 2400 Venit
581 2337 708 2402 enimin
721 2337 855 2422 patriam
874 2335 1039 2402 Menelaus
1056 2355 1097 2400 ex

279 2475 394 2558 Troja,
403 2475 559 2556 trajiciens
569 2497 645 2573 vero
656 2492 787 2562 portum
797 2477 829 2542 N
831 2477 985 2564 ruplicum
996 2475 1138 2560 remigio,

284 2613 423 2700 Appellit
440 2617 480 2680 ad
497 2613 597 2693 littus,
614 2617 714 2702 longo
732 2637 874 2704 tempore
889 2643 907 2685 e
922 2617 1036 2702 Troja-

282 2757 425 2840 Vagatur
436 2755 657 2820 curationibusr
677 2773 707 2822 et
719 2759 884 2843 lugubrem
977 2829 980 2837 ,
1012 2799 1014 2805 ·

281 2897 448 2966 Helenam.
468 2893 637 2963 observans
653 2913 792 2975 noctem,
806 2922 845 2962 ne
858 2871 932 2984 'quir
945 2901 1053 2966 videus

281 3039 470 3102 Venientem
489 3037 638 3112 interdiu,
656 3059 768 3105 eorum
786 3061 920 3131 quorum
939 3041 978 3103 ad
994 3043 1074 3106 ilion
1230 3079 1233 3194 A

283 3179 350 3244 lilii
364 3179 538 3262 perierunt,
553 3178 657 3242 veniat
670 3181 707 3244 ad
720 3182 821 3263 jactus
838 3184 992 3266 lapidum,
1227 3194 1233 3276 i

281 3317 441 3385 Praenrilit
456 3319 488 3381 in
501 3319 638 3382 nostram
652 3321 780 3385 domum
793 3347 801 3385 e
820 3319 862 3386 est
879 3337 980 3386 autem
992 3322 1086 3398 intus,

283 3456 411 3520 Ploraus
425 3455 572 3532 sororem.
585 3475 617 3524 ct
637 3462 843 3526 calamitatem
861 3462 989 3528 domus.

281 3592 388 3666 Habet
401 3615 506 3661 tamen
519 3597 644 3684 aliquod
658 3597 800 3682 solatium
817 3600 966 3682 dolorum
979 3623 988 3682 ς

1226 3615 1232 3842 A
