2484 4175
282 307 679 387 oRESTEs.
736 333 840 411 1329.
889 336 1005 417 .139

121 552 127 557 ῃ
144 460 191 531 H.
209 461 327 540 Venio,
344 459 479 545 perfesta
494 460 689 547 placatione?
707 460 760 526 sed
774 484 824 527 me

145 603 253 671 Metuo
264 603 394 688 quidam
408 607 503 689 cepit,
517 606 658 689 quentin
670 604 813 683 aedibus,

67 840 69 845 Ι
144 743 261 809 Procul
277 742 407 815 existens
419 768 437 809 a
450 746 562 821 domo,
576 745 672 808 audio
684 746 863 810 clamorem·

144 886 181 953 E.
200 884 305 977 Qid?
322 886 414 952 nobis
425 884 519 971 digna
534 884 618 949 tuctu
633 886 836 971 contingunt.
897 897 900 902 '
985 951 993 980 s

145 1026 192 1093 Η.
211 1028 322 1091 Fausta
335 1027 478 1111 loquere:
496 1026 573 1111 quid
587 1027 662 1091 novi
675 1026 774 1089 dicia?

145 1165 183 1232 Ε.
204 1166 374 1233 Decretum
386 1169 429 1235 est
442 1166 513 1231 huic
525 1166 607 1239 urbi,
620 1165 716 1229 hodie
728 1163 856 1254 Oresten
868 1181 899 1232 et
911 1189 962 1236 me

146 1307 240 1375 Moti.
264 1308 308 1375 H.
326 1304 430 1387 Abfit,
447 1327 521 1372 cum
539 1326 594 1370 vos
608 1305 672 1372 sttis
686 1308 746 1373 mei
759 1308 898 1393 cogitati.

145 1449 181 1533 Ε.
201 1424 369 1518 Decretum
381 1448 441 1512 est:
461 1447 566 1513 sumus
581 1449 612 1511 itt
623 1448 704 1531 jugo
714 1447 911 1515 neceffitatie.

131 1592 192 1657 .H.
213 1594 262 1655 An
275 1609 439 1677 propterea
449 1587 492 1653 est
506 1592 625 1655 clamor
639 1589 671 1651 io
684 1584 800 1655 domo?

145 1730 183 1796 E.
202 1732 339 1815 Supplex
353 1733 524 1815 procedens
538 1730 576 1793 ad
589 1751 691 1815 genua
705 1728 846 1795 Helenae
858 1729 980 1797 clamat·

146 1870 193 1935 H.
210 1870 311 1961 Qisi
332 1826 396 1935 nott
410 1870 479 1933 satie
493 1868 567 1945 scio,
580 1870 636 1933 niti
649 1888 687 1933 tu
704 1870 799 1935 dicae.
902 1868 904 1874 ⁴

146 2012 184 2079 Ε.
203 2011 299 2077 Miser
313 2011 433 2075 Orestes
448 2026 531 2082 orat,
544 2032 581 2075 ne
593 2010 760 2083 occidatur,
773 2021 805 2073 et
818 2030 874 2096 pto
887 2030 948 2075 nte.

146 2154 192 2220 H.
210 2155 260 2217 Ob
270 2153 414 2218 idoneam
425 2174 501 2238 ergo
511 2150 631 2224 causam
641 2151 772 2248 infattstc
783 2148 1000 2216 sonatdomue.

140 2293 181 2378 E·
202 2293 285 2358 Nam
298 2293 336 2358 de
355 2313 418 2380 qua
430 2292 488 2358 alia
502 2313 536 2357 re
549 2295 616 2378 quie
630 2296 727 2380 tnagis
737 2288 925 2376 eloquatur?

145 2432 209 2528 Sed
225 2438 309 2514 veni,
324 2453 356 2500 et
373 2435 411 2500 ste
423 2435 530 2500 amicis
543 2435 698 2539 particeps
709 2430 950 2520 supplicationis,

14 2601 16 2634 i
146 2581 313 2647 Procidene
330 2593 401 2643 ante
413 2594 499 2642 tuam
509 2593 639 2642 matrem
656 2576 746 2640 valde
763 2575 903 2653 beatam,
976 2605 981 2613 ·

147 2720 198 2786 Ne
211 2719 373 2784 Menelaus
387 2717 490 2782 videat
507 2737 564 2782 nos
578 2717 756 2782 morientes.

149 2861 213 2928 Sed
225 2883 245 2924 ο
257 2875 303 2935 tu,
314 2881 393 2944 quae
403 2880 435 2924 es
444 2857 576 2923 educata
588 2858 620 2920 in
634 2856 778 2922 matribus
789 2873 874 2922 meae
883 2849 1001 2924 matria,

148 3001 300 3070 Miserere
314 2998 420 3076 nostri,
434 3016 464 3062 et
477 2997 544 3062 leva
556 2999 653 3061 mala:

14 3179 19 3214 t
148 3145 234 3210 Veni
247 3145 308 3208 huc
323 3139 534 3214 incertam,
548 3157 607 3221 ego
621 3135 826 3220 praecedatur

148 3283 222 3351 Sola
238 3282 322 3352 enim
336 3282 431 3346 habea
444 3279 534 3344 nobit
547 3291 659 3344 metam
670 3274 786 3342 salutis.
803 3271 847 3340 H.
860 3269 948 3340 Ecce

145 3423 285 3510 Propere
297 3443 397 3508 urgeo
405 3441 508 3486 meum
520 3418 633 3504 pedem
643 3417 677 3480 in
690 3415 830 3480 domum.
857 3411 977 3478 Servati

151 3563 267 3645 Estote,
287 3579 438 3650 quantum
456 3563 488 3628 in
503 3583 553 3626 tne
567 3559 625 3624 est.
648 3557 687 3630 E.
704 3555 736 3624 Ο
752 3559 785 3622 io
797 3535 895 3622 domo

496 3702 529 3767 K
547 3703 621 3772 k'a
