2484 4175
289 354 358 433 ης
458 294 994 431 onnsrnnrwt

282 480 417 569 Propter
429 478 764 547 faciemvnveereatae

281 620 394 689 Pennis
406 622 509 709 Cygni
522 645 640 711 parem,
655 640 782 686 veneres
797 617 902 685 ledae
914 619 994 687 filiae

279 755 421 829 Infelicis
432 762 583 838 Helenae,
596 758 963 848 pulchre-fabricatorum
973 762 1147 836 Muremm
1212 829 1213 834 ,

284 906 519 992 Apolineorum
533 904 674 984 Furiam,
687 902 778 982 eheu,

281 1044 470 1121 infelicium,
483 1043 668 1111 infelicium.

280 1186 314 1253 Ο
326 1186 435 1253 misera
451 1186 614 1252 Dardania
631 1182 823 1270 Ganymedis

279 1327 336 1394 Ob
347 1330 571 1415 equitationem
586 1328 675 1412 Joris
686 1326 858 1409 concubini
888 1324 927 1393 C.
945 1326 1040 1396 Clare
1206 1367 1214 1405 0

279 1468 345 1536 Dic
358 1473 448 1535 nobie
457 1470 561 1567 rursm
571 1466 691 1553 fingula
698 1468 731 1531 in
742 1468 871 1533 aedibus
884 1470 1055 1553 quomodo

280 1608 325 1677 Se
339 1611 491 1689 hebenum
509 1630 571 1675 non
583 1610 666 1675 enim
678 1606 766 1675 facile
776 1612 913 1694 conjicio
931 1612 1052 1696 priora.

546 1770 791 1817 ennoean
829 1772 863 1832 m
934 1787 936 1790 ·

279 1890 316 1957 P.
336 1893 485 1971 Aelinon,
501 1892 648 1970 Aeiinon,
661 1893 837 1957 clamorem
850 1893 957 1958 mortis

281 2031 411 2100 Barbari
428 2036 612 2115 incendunt,
626 2036 703 2109 heu,
720 2034 793 2112 hen,

242 2189 245 2205 ¹
281 2175 416 2240 Aiiatica
429 2197 515 2254 voce,
532 2178 597 2264 regi
613 2190 654 2240 ut

280 2315 418 2408 Qtando
433 2315 557 2404 sanguis
569 2315 745 2382 effunditur
761 2317 793 2382 in
810 2331 922 2382 terram

279 2453 410 2522 Ensrbus
428 2457 538 2522 ferreis
555 2457 711 2524 Plutonis.

279 2591 444 2694 ¹Venerunt
459 2600 490 2663 in
509 2598 652 2673 domum.
664 2618 703 2666 ut
717 2603 772 2665 tibi
785 2600 905 2688 finguia
922 2605 1038 2689 dicam,

278 2733 357 2802 Duo
375 2739 482 2805 leones
498 2739 627 2819 Graeci,
639 2742 776 2826 gemini:

276 2875 369 2942 Pater
379 2879 503 2942 alterius
516 2881 683 2944 vocabatur
693 2883 772 2960 dux,
790 2885 944 2963 Graeciae,

279 3020 371 3085 Alter
388 3021 470 3085 filius
482 3019 634 3104 Strophii,
649 3023 802 3088 malorum
813 3024 925 3092 artifex
935 3031 992 3118 vir,

278 3159 510 3246 SicutUlyffes,
527 3164 615 3226 tacite
627 3158 768 3242 dolosus,

275 3299 339 3364 Sed
350 3301 433 3364 fidus
444 3302 561 3378 amicis,
573 3317 604 3366 et
616 3303 715 3369 audax
726 3304 765 3366 ad
776 3325 934 3390 pugnam:

275 3575 383 3642 Pereat
395 3580 437 3643 ob
449 3583 574 3647 tacitam
586 3585 812 3668 providentiam
862 3627 865 3633 ·

1205 2970 1206 3019 i

275 3437 394 3504 Peritus
412 3442 529 3512 martis,
548 3457 579 3506 et
597 3442 715 3505 lethalis
726 3444 832 3511 draco.

1188 3862 1200 4119 i
