2484 4175
276 267 653 345 ORESTES.
706 287 845 363 4or.‘
921 277 1020 353 86*

99 417 150 490 M*
173 419 312 512 Qando
323 421 454 504 incepisti
467 421 587 495 furerer
606 422 762 507 quaedies
774 439 842 488 tum
851 426 940 492 erat?

98 565 141 629 0.
163 557 236 654 Qia
247 567 296 628 die
307 560 450 626 miseram
466 579 591 628 matrem
611 565 735 628 oneravi
750 565 892 632 tumulo.

98 705 151 772 M·
174 707 227 768 An
239 703 342 780 domi,
371 725 409 766 an
425 702 552 768 affiiens
568 703 605 767 ad
618 706 753 790 rogum?

100 847 145 911 0.
165 846 272 910 Noriu
289 845 467 926 custodiens
482 845 697 910 collestionem
712 843 838 914 ostium.

99 983 151 1054 M.
174 987 292 1049 Aderit
303 985 420 1069 aliquis,
438 988 489 1068 qui
507 985 645 1070 erigebat
664 1001 752 1050 tuum
764 985 901 1074 corpur?

101 1125 147 1190 Ο.
167 1125 308 1210 Pylades,
326 1127 379 1210 qui
399 1124 485 1190 simul
502 1127 633 1210 patravit
649 1126 775 1192 caedem
793 1130 911 1200 matris.

102 1263 152 1332 M.
176 1269 204 1329 A
222 1268 335 1352 quibus
355 1265 476 1350 speiiris
495 1265 535 1330 iic
549 1264 679 1330 affeiius
695 1264 752 1332 es?

102 1407 136 1470 Ο
167 1403 257 1470 visus
271 1405 410 1470 sumtres
427 1405 543 1488 puellas
558 1405 666 1469 videre
681 1407 765 1470 nosti
779 1405 901 1476 fimiles.
948 1450 953 1461 ι

102 1545 143 1614 Μ
173 1539 259 1610 Novi
272 1569 348 1632 quis
360 1547 479 1610 dixisti:
496 1563 787 1630 nuncupareautem
803 1547 888 1612 noio.

102 1687 147 1752 0.
168 1691 298 1754 Arroces
313 1689 395 1752 enim
411 1684 504 1752 sunt:
523 1685 678 1772 sapienter
691 1705 793 1754 aurem
807 1689 911 1756 dicere

251 1829 343 1894 vitas.

101 1971 151 2038 M.
172 1969 252 2055 Ipsae
269 1990 300 2034 te
318 1969 360 2033 ob
379 1968 481 2032 matris
499 1970 625 2032 caedem
642 1969 825 2055 exagitant?

101 2116 136 2179 0
164 2113 226 2177 Hei
242 2110 489 2197 minutionem,
500 2132 562 2195 qua
575 2110 665 2175 miser
678 2111 831 2197 exagitor.

102 2252 151 2323 Μ.
167 2254 237 2319 Non
250 2274 342 2340 grave
353 2252 408 2330 est,
421 2254 523 2337 gravia
533 2254 609 2337 pati,
617 2255 739 2339 gravia
750 2255 803 2341 qui
813 2251 976 2322 fecerunt..

101 2394 144 2460 O.
165 2395 227 2459 Sed
241 2392 283 2458 est
298 2394 385 2458 nobis
402 2390 554 2457 excusatio
568 2390 663 2459 casus.
685 2413 690 2422 ’

102 2531 152 2600 Μ.
168 2535 243 2599 Non
263 2526 471 2617 dicasjustirrn
487 2530 595 2599 fuiffe=
615 2536 676 2601 hoc
688 2536 771 2632 enim
783 2554 848 2599 non
862 2532 907 2598 est
972 2566 978 2577 ·

3 2665 8 2689 ‘
102 2672 960 2763 Sapiens.O.Phoebuejubensperficeremarriscaedem.

101 2812 152 2885 Μ.
170 2814 281 2879 Paullo
298 2818 464 2901 imperitior
481 2818 647 2883 honestiet
660 2820 764 2904 aequi.

101 2954 145 3019 Ο.
164 2955 319 3021 Servimus
335 2958 417 3036 Diis,
432 2960 586 3045 quicquid
604 2958 669 3025 suut
683 2960 750 3024 Dii.

102 3100 150 3165 M.
163 3078 243 3160 ¹Non
258 3119 335 3183 ergo
348 3101 437 3181 juvat
458 3100 579 3184 Apollo
593 3116 623 3163 te
636 3102 667 3163 in
686 3100 733 3172 his
751 3100 853 3164 malis?

100 3238 144 3303 0.
163 3238 358 3303 cunctatur:
378 3238 433 3305 Dii
452 3259 552 3305 autem
568 3239 634 3307 sunt
647 3244 723 3306 tales
736 3257 857 3307 natura.

102 3376 151 3447 M·
169 3384 272 3465 Qiam
288 3380 341 3443 diu
354 3381 408 3457 est,
424 3383 507 3464 quod
526 3380 764 3448 rnaterextiniia
776 3379 842 3445 est?

94 3518 144 3583 «Ο.
163 3522 276 3587 Sextus
289 3522 340 3585 hic
352 3523 416 3587 dies
428 3524 483 3601 est,
496 3545 592 3609 rogus
604 3523 702 3605 adhue
712 3524 789 3589 calet
798 3518 957 3608 sepulchri.
