2484 4175
128 254 132 263 ’
269 304 649 401 onasus.
707 312 811 387 1602.
916 248 1013 407 146¹

125 458 195 526 Aut
208 456 812 547 hacpinnaconfringameuumcaput,
852 520 857 529 ,
983 529 987 542 ,

124 583 280 688 Fradgens
292 615 432 667 veterum
446 601 564 669 tedium
578 624 660 688 opus
674 604 844 685 ateificum,

125 740 987 827 Munitaestjanuavefflbusadversustuumoffendendi
1110 823 1113 831 ,

125 884 292 967 Studium,
306 889 363 973 qui
378 904 409 952 te
423 888 584 966 arcebunt,
599 912 640 953 ne
656 890 752 954 intres
763 891 795 954 in
808 889 950 964 domum.

125 1025 177 1093 M.
195 1026 262 1108 Ah,
275 1029 327 1109 ah,
339 1029 426 1095 unde
439 1031 530 1096 video
541 1028 735 1115 splendorem
753 1035 911 1117 flammae,

125 1166 165 1233 Et
177 1171 209 1233 in
221 1169 350 1237 summis
362 1174 491 1239 aedibus
502 1171 575 1238 istos
586 1171 720 1239 obseffoe
730 1176 840 1258 teneri,

124 1309 165 1377 Et
180 1315 318 1401 gladium
331 1316 495 1393 admotum
508 1317 591 1382 collo
604 1336 692 1381 meae
706 1314 812 1383 filiae?

124 1458 169 1525 0.
187 1460 310 1525 Utrum
327 1460 371 1523 vi·
383 1461 587 1547 interrogare,
602 1482 642 1525 an
654 1479 702 1522 me
717 1452 853 1522 audire?
979 1507 984 1522 ,

125 1597 175 1665 M.
186 1598 340 1665 Neutrum
351 1604 492 1686 quideme
506 1602 556 1682 sed
571 1598 687 1665 neceffe
698 1600 752 1674 est,
759 1614 797 1665 ut
806 1598 984 1675 videtur,te

126 1742 257 1809 Audire.
283 1744 325 1810 0.
344 1747 422 1811 Sum
435 1742 593 1810 occisurus
605 1758 692 1809 tuam
702 1740 813 1820 filiam,
830 1737 853 1805 fi
866 1740 910 1805 vis
927 1760 983 1806 au·
1034 1761 1042 1785 ‘

274 1885 353 1963 dire.

124 2022 175 2092 M.
194 2024 361 2094 Interfeiia
374 2026 497 2095 Helena
514 2026 611 2094 addes
629 2025 752 2098 caedem
770 2024 882 2090 caedi?

123 2167 167 2234 0.
186 2169 319 2236 Utinam
333 2192 409 2236 vero
422 2168 598 2248 tenuiffem‚
611 2190 678 2234 non
689 2159 837 2252 deceptu's
847 2188 865 2230 a
875 2159 957 2230 diis!
982 2211 985 2216 -

121 2309 172 2378 Μ.
188 2311 292 2399 Negas
307 2325 380 2380 cum
393 2314 559 2389 occideris,
569 2324 600 2374 et
611 2310 652 2372 ad
666 2308 891 2375 contumeliam
902 2302 982 2374 dicii

120 2453 231 2521 Haec?
255 2456 298 2524 0.
316 2457 434 2521 Invitus
445 2473 540 2540 nego:
559 2449 651 2516 valde
665 2453 747 2515 enim
759 2465 880 2534 optem.
976 2495 983 2507 ,

120 2592 170 2662 M.
185 2595 274 2690 Qid
292 2594 419 2662 feciise?
444 2595 558 2662 incutis
570 2596 652 2658 enim
663 2592 739 2658 mihi
749 2608 850 2657 terro·

67 2695 70 2703 Ι
268 2759 348 2804 rem.

119 2874 164 2941 0.
183 2875 312 2942 Furiam
331 2877 480 2942 Graeciae
497 2895 575 2942 orco
586 2873 765 2976 ἀφίκετο.

117 3013 170 3081 Μ.
189 3015 299 3080 Redde
309 3017 440 3081 cadaver
450 3003 624 3094 uxoris,'ut
637 3018 778 3101 operiam
791 3005 926 3077 tumulo.

115 3157 161 3222 Ο.
181 3155 329 3242 Repetea
344 3158 419 3221 diis:
435 3179 590 3243 egovero
607 3153 789 3221 interficiam
806 3167 895 3217 tuam

113 3297 233 3364 Filiam.
261 3297 310 3360 M.
329 3295 490 3362 Matricida
504 3295 578 3362 facit
591 3259 715 3361 caedem
729 3293 818 3379 supra
833 3291 974 3356 caedem.

113 3437 158 3511 0.
176 3435 327 3504 Defensor
339 3439 445 3524 patris,
459 3459 555 3526 quem
568 3453 604 3502 tu
618 3436 789 3525 prodidisti,
800 3452 838 3502 ut
846 3452 957 3500 more·

263 3593 358 3648 stiur.
