<?xml version="1.0" encoding="UTF-8"?>
<!DOCTYPE html PUBLIC "-//W3C//DTD XHTML 1.0 Transitional//EN"
    "http://www.w3.org/TR/xhtml1/DTD/xhtml1-transitional.dtd">
<html xmlns="http://www.w3.org/1999/xhtml" xml:lang="en" lang="en">
 <head>
  <title>
</title>
<meta http-equiv="Content-Type" content="text/html;charset=utf-8" />
  <meta name='ocr-system' content='tesseract 3.04.00' />
  <meta name='ocr-capabilities' content='ocr_page ocr_carea ocr_par ocr_line ocrx_word'/>
</head>
<body>
  <div class='ocr_page' id='page_1' title='image "./euripidistragoe25eurigoog_0312.png"; bbox 0 0 2484 4175; ppageno 0'>
   <div class='ocr_carea' id='block_1_1' title="bbox 157 224 1195 1967">
    <p class='ocr_par' dir='ltr' id='par_1_1' title="bbox 265 224 1195 686">
     <span class='ocr_line' id='line_1_1' title="bbox 546 224 1195 288; baseline -0.003 2"><span class='ocrx_word' id='word_1_1' title='bbox 546 224 549 229; x_wconf 39' lang='lat'>⁵</span> <span class='ocrx_word' id='word_1_2' title='bbox 1130 264 1135 273; x_wconf 55' lang='grc' dir='ltr'><em>ι</em></span> <span class='ocrx_word' id='word_1_3' title='bbox 1194 233 1195 288; x_wconf 88' lang='lat' dir='ltr'>l</span> 
     </span>
     <span class='ocr_line' id='line_1_2' title="bbox 277 314 975 421; baseline -0.011 -24"><span class='ocrx_word' id='word_1_4' title='bbox 277 344 341 421; x_wconf 66' lang='lat' dir='ltr'>ut</span> <span class='ocrx_word' id='word_1_5' title='bbox 434 314 975 411; x_wconf 60' lang='lat' dir='ltr'>onnsrnnrnu</span> 
     </span>
     <span class='ocr_line' id='line_1_3' title="bbox 269 468 935 551; baseline -0.015 -12"><span class='ocrx_word' id='word_1_6' title='bbox 269 470 398 539; x_wconf 78' lang='lat' dir='ltr'>liabent</span> <span class='ocrx_word' id='word_1_7' title='bbox 410 471 517 535; x_wconf 88' lang='lat' dir='ltr'>dotem</span> <span class='ocrx_word' id='word_1_8' title='bbox 535 468 659 544; x_wconf 81' lang='lat' dir='ltr'>uxoris,</span> <span class='ocrx_word' id='word_1_9' title='bbox 676 488 755 551; x_wconf 84' lang='lat' dir='ltr'>quae</span> <span class='ocrx_word' id='word_1_10' title='bbox 773 481 802 529; x_wconf 92' lang='lat' dir='ltr'>te</span> <span class='ocrx_word' id='word_1_11' title='bbox 818 468 935 531; x_wconf 74' lang='lat' dir='ltr'>multos</span> 
     </span>
     <span class='ocr_line' id='line_1_4' title="bbox 265 608 778 686; baseline -0.016 -6"><span class='ocrx_word' id='word_1_12' title='bbox 265 612 359 680; x_wconf 48' lang='lat' dir='ltr'>¹Dana</span> <span class='ocrx_word' id='word_1_13' title='bbox 375 614 407 675; x_wconf 92' lang='lat' dir='ltr'>iu</span> <span class='ocrx_word' id='word_1_14' title='bbox 420 612 551 686; x_wconf 81' lang='lat' dir='ltr'>labores,</span> <span class='ocrx_word' id='word_1_15' title='bbox 567 614 628 675; x_wconf 91' lang='lat' dir='ltr'>huc</span> <span class='ocrx_word' id='word_1_16' title='bbox 640 608 778 674; x_wconf 57' lang='lat' dir='ltr'>reduxite</span> 
     </span>
    </p>

    <p class='ocr_par' dir='ltr' id='par_1_2' title="bbox 268 741 1195 983">
     <span class='ocr_line' id='line_1_5' title="bbox 268 741 1195 841; baseline -0.006 -24"><span class='ocrx_word' id='word_1_17' title='bbox 268 755 366 841; x_wconf 79' lang='lat' dir='ltr'>Qtod</span> <span class='ocrx_word' id='word_1_18' title='bbox 378 776 449 818; x_wconf 85' lang='lat' dir='ltr'>eum</span> <span class='ocrx_word' id='word_1_19' title='bbox 467 741 546 818; x_wconf 79' lang='lat' dir='ltr'>ur&#39;ne</span> <span class='ocrx_word' id='word_1_20' title='bbox 557 751 596 815; x_wconf 84' lang='lat' dir='ltr'>eil</span> <span class='ocrx_word' id='word_1_21' title='bbox 611 753 668 825; x_wconf 84' lang='lat' dir='ltr'>rei,</span> <span class='ocrx_word' id='word_1_22' title='bbox 679 771 741 835; x_wconf 83' lang='lat' dir='ltr'>ego</span> <span class='ocrx_word' id='word_1_23' title='bbox 752 749 914 813; x_wconf 66' lang='lat' dir='ltr'>huieredle</span> <span class='ocrx_word' id='word_1_24' title='bbox 925 749 1134 832; x_wconf 84' lang='lat' dir='ltr'>constituam,</span> <span class='ocrx_word' id='word_1_25' title='bbox 1194 803 1195 834; x_wconf 22' lang='grc' dir='ltr'>ᾖ</span> 
     </span>
     <span class='ocr_line' id='line_1_6' title="bbox 269 892 906 983; baseline 0.005 -28"><span class='ocrx_word' id='word_1_26' title='bbox 269 894 335 983; x_wconf 74' lang='lat' dir='ltr'>Qui</span> <span class='ocrx_word' id='word_1_27' title='bbox 355 894 456 978; x_wconf 84' lang='lat' dir='ltr'>ipsum</span> <span class='ocrx_word' id='word_1_28' title='bbox 475 898 558 977; x_wconf 73' lang='lat' dir='ltr'>coe&#39;gi</span> <span class='ocrx_word' id='word_1_29' title='bbox 576 892 750 956; x_wconf 87' lang='lat' dir='ltr'>interficere</span> <span class='ocrx_word' id='word_1_30' title='bbox 767 909 906 958; x_wconf 83' lang='lat' dir='ltr'>matrem.</span> 
     </span>
    </p>

    <p class='ocr_par' dir='ltr' id='par_1_3' title="bbox 268 1010 887 1125">
     <span class='ocr_line' id='line_1_7' title="bbox 268 1010 887 1125; baseline -0.006 -24"><span class='ocrx_word' id='word_1_31' title='bbox 268 1036 310 1101; x_wconf 92' lang='lat'>0.</span> <span class='ocrx_word' id='word_1_32' title='bbox 330 1036 361 1099; x_wconf 95' lang='lat'>0</span> <span class='ocrx_word' id='word_1_33' title='bbox 381 1010 496 1119; x_wconf 86' lang='lat' dir='ltr'>Apollo</span> <span class='ocrx_word' id='word_1_34' title='bbox 512 1050 613 1125; x_wconf 84' lang='lat' dir='ltr'>vates,¹</span> <span class='ocrx_word' id='word_1_35' title='bbox 625 1035 657 1096; x_wconf 92' lang='lat' dir='ltr'>in</span> <span class='ocrx_word' id='word_1_36' title='bbox 677 1036 739 1098; x_wconf 82' lang='lat' dir='ltr'>tuis</span> <span class='ocrx_word' id='word_1_37' title='bbox 755 1036 887 1097; x_wconf 72' lang='lat' dir='ltr'>oraculis</span> 
     </span>
    </p>

    <p class='ocr_par' dir='ltr' id='par_1_4' title="bbox 267 1169 873 1258">
     <span class='ocr_line' id='line_1_8' title="bbox 267 1169 873 1258; baseline -0.005 -18"><span class='ocrx_word' id='word_1_38' title='bbox 267 1174 341 1241; x_wconf 87' lang='lat' dir='ltr'>Non</span> <span class='ocrx_word' id='word_1_39' title='bbox 359 1195 426 1238; x_wconf 77' lang='lat' dir='ltr'>eras</span> <span class='ocrx_word' id='word_1_40' title='bbox 442 1174 553 1258; x_wconf 87' lang='lat' dir='ltr'>utique</span> <span class='ocrx_word' id='word_1_41' title='bbox 571 1194 680 1253; x_wconf 81' lang='lat' dir='ltr'>vanus,</span> <span class='ocrx_word' id='word_1_42' title='bbox 695 1172 747 1237; x_wconf 83' lang='lat' dir='ltr'>sed</span> <span class='ocrx_word' id='word_1_43' title='bbox 764 1169 873 1237; x_wconf 84' lang='lat' dir='ltr'>verax!</span> 
     </span>
    </p>

    <p class='ocr_par' dir='ltr' id='par_1_5' title="bbox 264 1312 1195 1532">
     <span class='ocr_line' id='line_1_9' title="bbox 264 1312 1195 1399; baseline -0.004 -19"><span class='ocrx_word' id='word_1_44' title='bbox 264 1313 321 1380; x_wconf 87' lang='lat' dir='ltr'>Me</span> <span class='ocrx_word' id='word_1_45' title='bbox 333 1316 463 1399; x_wconf 90' lang='lat' dir='ltr'>quidem</span> <span class='ocrx_word' id='word_1_46' title='bbox 477 1312 612 1379; x_wconf 81' lang='lat' dir='ltr'>subierat</span> <span class='ocrx_word' id='word_1_47' title='bbox 627 1330 735 1389; x_wconf 83' lang='lat' dir='ltr'>metus,</span> <span class='ocrx_word' id='word_1_48' title='bbox 751 1335 791 1377; x_wconf 88' lang='lat' dir='ltr'>ne</span> <span class='ocrx_word' id='word_1_49' title='bbox 802 1313 940 1396; x_wconf 78' lang='lat' dir='ltr'>aliquem</span> <span class='ocrx_word' id='word_1_50' title='bbox 955 1312 1088 1377; x_wconf 81' lang='lat' dir='ltr'>audiens</span> <span class='ocrx_word' id='word_1_51' title='bbox 1194 1337 1195 1342; x_wconf 48' lang='lat'>¹</span> 
     </span>
     <span class='ocr_line' id='line_1_10' title="bbox 265 1454 970 1532; baseline -0.009 -11"><span class='ocrx_word' id='word_1_52' title='bbox 265 1454 481 1532; x_wconf 86' lang='lat' dir='ltr'>Daemonem,</span> <span class='ocrx_word' id='word_1_53' title='bbox 499 1457 624 1519; x_wconf 86' lang='lat' dir='ltr'>viderer</span> <span class='ocrx_word' id='word_1_54' title='bbox 641 1454 747 1518; x_wconf 88' lang='lat' dir='ltr'>audire</span> <span class='ocrx_word' id='word_1_55' title='bbox 759 1471 845 1517; x_wconf 88' lang='lat' dir='ltr'>tuam</span> <span class='ocrx_word' id='word_1_56' title='bbox 861 1473 970 1516; x_wconf 86' lang='lat' dir='ltr'>vocem</span> 
     </span>
    </p>

    <p class='ocr_par' dir='ltr' id='par_1_6' title="bbox 263 1594 1045 1827">
     <span class='ocr_line' id='line_1_11' title="bbox 264 1594 1045 1683; baseline -0.004 -23"><span class='ocrx_word' id='word_1_57' title='bbox 264 1594 328 1661; x_wconf 85' lang='lat' dir='ltr'>Sed</span> <span class='ocrx_word' id='word_1_58' title='bbox 342 1598 420 1659; x_wconf 90' lang='lat' dir='ltr'>bene</span> <span class='ocrx_word' id='word_1_59' title='bbox 433 1598 536 1659; x_wconf 87' lang='lat' dir='ltr'>evenit</span> <span class='ocrx_word' id='word_1_60' title='bbox 548 1616 607 1673; x_wconf 86' lang='lat' dir='ltr'>res,</span> <span class='ocrx_word' id='word_1_61' title='bbox 618 1595 844 1679; x_wconf 80' lang='lat' dir='ltr'>obtemperabo</span> <span class='ocrx_word' id='word_1_62' title='bbox 855 1608 956 1683; x_wconf 67' lang='lat' dir='ltr'>autem</span> <span class='ocrx_word' id='word_1_63' title='bbox 971 1609 1045 1659; x_wconf 89' lang='lat' dir='ltr'>tuae</span> 
     </span>
     <span class='ocr_line' id='line_1_12' title="bbox 263 1704 1031 1827; baseline 0.003 -30"><span class='ocrx_word' id='word_1_64' title='bbox 263 1704 420 1797; x_wconf 62' lang='lat' dir='ltr'>Oritioni.</span> <span class='ocrx_word' id='word_1_65' title='bbox 439 1734 516 1797; x_wconf 84' lang='lat' dir='ltr'>Eece</span> <span class='ocrx_word' id='word_1_66' title='bbox 534 1734 662 1797; x_wconf 81' lang='lat' dir='ltr'><strong>dimitto</strong></span> <span class='ocrx_word' id='word_1_67' title='bbox 682 1734 891 1827; x_wconf 81' lang='lat' dir='ltr'>Hermionem</span> <span class='ocrx_word' id='word_1_68' title='bbox 906 1760 923 1800; x_wconf 87' lang='lat' dir='ltr'>a</span> <span class='ocrx_word' id='word_1_69' title='bbox 937 1757 1031 1799; x_wconf 85' lang='lat' dir='ltr'>nece:</span> 
     </span>
    </p>

    <p class='ocr_par' dir='ltr' id='par_1_7' title="bbox 157 1841 1125 1967">
     <span class='ocr_line' id='line_1_13' title="bbox 157 1841 1125 1967; baseline 0.007 -31"><span class='ocrx_word' id='word_1_70' title='bbox 157 1875 166 1967; x_wconf 60' lang='lat' dir='ltr'><em>J</em></span> <span class='ocrx_word' id='word_1_71' title='bbox 261 1851 300 1937; x_wconf 82' lang='lat' dir='ltr'>Et</span> <span class='ocrx_word' id='word_1_72' title='bbox 312 1874 429 1957; x_wconf 86' lang='lat' dir='ltr'>accipio</span> <span class='ocrx_word' id='word_1_73' title='bbox 438 1873 891 1961; x_wconf 84' lang='lat' dir='ltr'>eonjugium‚quandocunque</span> <span class='ocrx_word' id='word_1_74' title='bbox 899 1841 1125 1963; x_wconf 54' lang='lat' dir='ltr'>dederitpatet‘e</span> 
     </span>
    </p>
   </div>
   <div class='ocr_carea' id='block_1_2' title="bbox 261 2010 979 2102">
    <p class='ocr_par' dir='ltr' id='par_1_8' title="bbox 261 2010 979 2102">
     <span class='ocr_line' id='line_1_14' title="bbox 261 2010 979 2102; baseline 0.011 -27"><span class='ocrx_word' id='word_1_75' title='bbox 261 2010 310 2075; x_wconf 84' lang='lat' dir='ltr'>M·</span> <span class='ocrx_word' id='word_1_76' title='bbox 329 2012 361 2076; x_wconf 92' lang='grc'>0</span> <span class='ocrx_word' id='word_1_77' title='bbox 371 2013 502 2092; x_wconf 89' lang='lat' dir='ltr'>Helena,</span> <span class='ocrx_word' id='word_1_78' title='bbox 514 2016 574 2078; x_wconf 74' lang='lat' dir='ltr'>filia</span> <span class='ocrx_word' id='word_1_79' title='bbox 586 2016 682 2098; x_wconf 77' lang='lat' dir='ltr'>Jovis,</span> <span class='ocrx_word' id='word_1_80' title='bbox 695 2014 782 2094; x_wconf 82' lang='lat' dir='ltr'>salve,</span> <span class='ocrx_word' id='word_1_81' title='bbox 792 2017 921 2102; x_wconf 83' lang='lat' dir='ltr'>suspicio</span> <span class='ocrx_word' id='word_1_82' title='bbox 936 2033 979 2097; x_wconf 81' lang='lat' dir='ltr'>te,</span> 
     </span>
    </p>
   </div>
   <div class='ocr_carea' id='block_1_3' title="bbox 263 2151 854 2222">
    <p class='ocr_par' dir='ltr' id='par_1_9' title="bbox 263 2151 854 2222">
     <span class='ocr_line' id='line_1_15' title="bbox 263 2151 854 2222; baseline 0.01 -6"><span class='ocrx_word' id='word_1_83' title='bbox 263 2151 434 2218; x_wconf 86' lang='lat' dir='ltr'>Tenentem</span> <span class='ocrx_word' id='word_1_84' title='bbox 449 2157 570 2218; x_wconf 83' lang='lat' dir='ltr'>beatam</span> <span class='ocrx_word' id='word_1_85' title='bbox 584 2153 686 2219; x_wconf 86' lang='lat' dir='ltr'>sedem</span> <span class='ocrx_word' id='word_1_86' title='bbox 699 2157 854 2222; x_wconf 82' lang='lat' dir='ltr'>Deorum.</span> 
     </span>
    </p>
   </div>
   <div class='ocr_carea' id='block_1_4' title="bbox 210 2292 1110 3344">
    <p class='ocr_par' dir='ltr' id='par_1_10' title="bbox 262 2292 865 2381">
     <span class='ocr_line' id='line_1_16' title="bbox 262 2292 865 2381; baseline 0.013 -26"><span class='ocrx_word' id='word_1_87' title='bbox 262 2292 398 2371; x_wconf 84' lang='lat' dir='ltr'>Orestes,</span> <span class='ocrx_word' id='word_1_88' title='bbox 417 2297 474 2360; x_wconf 91' lang='lat' dir='ltr'>tibi</span> <span class='ocrx_word' id='word_1_89' title='bbox 490 2317 551 2381; x_wconf 85' lang='lat' dir='ltr'>ego</span> <span class='ocrx_word' id='word_1_90' title='bbox 568 2296 744 2380; x_wconf 84' lang='lat' dir='ltr'>despondeo</span> <span class='ocrx_word' id='word_1_91' title='bbox 760 2299 865 2375; x_wconf 83' lang='lat' dir='ltr'>filiam,</span> 
     </span>
    </p>

    <p class='ocr_par' dir='ltr' id='par_1_11' title="bbox 263 2433 1040 2524">
     <span class='ocr_line' id='line_1_17' title="bbox 263 2433 1040 2524; baseline 0.006 -24"><span class='ocrx_word' id='word_1_92' title='bbox 263 2433 395 2500; x_wconf 87' lang='lat' dir='ltr'>Phoebo</span> <span class='ocrx_word' id='word_1_93' title='bbox 407 2437 541 2500; x_wconf 81' lang='lat' dir='ltr'>dicente:</span> <span class='ocrx_word' id='word_1_94' title='bbox 558 2435 729 2522; x_wconf 83' lang='lat' dir='ltr'>generosus</span> <span class='ocrx_word' id='word_1_95' title='bbox 739 2452 839 2502; x_wconf 89' lang='lat' dir='ltr'>autem</span> <span class='ocrx_word' id='word_1_96' title='bbox 851 2461 889 2502; x_wconf 83' lang='lat' dir='ltr'>ex</span> <span class='ocrx_word' id='word_1_97' title='bbox 899 2438 1040 2524; x_wconf 79' lang='lat' dir='ltr'>generosa</span> 
     </span>
    </p>

    <p class='ocr_par' dir='ltr' id='par_1_12' title="bbox 262 2572 1110 2677">
     <span class='ocr_line' id='line_1_18' title="bbox 262 2572 1110 2677; baseline 0.011 -40"><span class='ocrx_word' id='word_1_98' title='bbox 262 2572 386 2638; x_wconf 79' lang='lat' dir='ltr'>Familia</span> <span class='ocrx_word' id='word_1_99' title='bbox 399 2575 574 2648; x_wconf 65' lang='lat' dir='ltr'>decenniis</span> <span class='ocrx_word' id='word_1_100' title='bbox 586 2580 729 2677; x_wconf 82' lang='lat' dir='ltr'>beatuset</span> <span class='ocrx_word' id='word_1_101' title='bbox 741 2595 789 2654; x_wconf 90' lang='lat' dir='ltr'>tu,</span> <span class='ocrx_word' id='word_1_102' title='bbox 801 2599 831 2642; x_wconf 91' lang='lat' dir='ltr'>et</span> <span class='ocrx_word' id='word_1_103' title='bbox 842 2603 913 2666; x_wconf 84' lang='lat' dir='ltr'>ego,</span> <span class='ocrx_word' id='word_1_104' title='bbox 922 2582 974 2664; x_wconf 88' lang='lat' dir='ltr'>qni</span> <span class='ocrx_word' id='word_1_105' title='bbox 982 2603 1046 2645; x_wconf 86' lang='lat' dir='ltr'>eam</span> <span class='ocrx_word' id='word_1_106' title='bbox 1057 2581 1110 2648; x_wconf 82' lang='lat' dir='ltr'>tibi</span> 
     </span>
    </p>

    <p class='ocr_par' dir='ltr' id='par_1_13' title="bbox 262 2711 1061 2820">
     <span class='ocr_line' id='line_1_19' title="bbox 262 2711 1061 2820; baseline 0.01 -43"><span class='ocrx_word' id='word_1_107' title='bbox 262 2711 330 2778; x_wconf 86' lang='lat' dir='ltr'>Do.</span> <span class='ocrx_word' id='word_1_108' title='bbox 360 2716 401 2776; x_wconf 88' lang='lat' dir='ltr'>A.</span> <span class='ocrx_word' id='word_1_109' title='bbox 420 2716 534 2806; x_wconf 80' lang='lat' dir='ltr'>Vadite</span> <span class='ocrx_word' id='word_1_110' title='bbox 547 2738 630 2780; x_wconf 88' lang='lat' dir='ltr'>nunc</span> <span class='ocrx_word' id='word_1_111' title='bbox 648 2719 779 2803; x_wconf 88' lang='lat' dir='ltr'>quisque</span> <span class='ocrx_word' id='word_1_112' title='bbox 795 2743 861 2803; x_wconf 88' lang='lat' dir='ltr'>quo</span> <span class='ocrx_word' id='word_1_113' title='bbox 875 2722 1061 2820; x_wconf 84' lang='lat' dir='ltr'>mandamus,</span> 
     </span>
    </p>

    <p class='ocr_par' dir='ltr' id='par_1_14' title="bbox 210 2843 1085 2956">
     <span class='ocr_line' id='line_1_20' title="bbox 210 2843 1085 2956; baseline 0.016 -42"><span class='ocrx_word' id='word_1_114' title='bbox 210 2858 220 2956; x_wconf 25' lang='grc' dir='ltr'>’ἱ</span> <span class='ocrx_word' id='word_1_115' title='bbox 262 2855 302 2928; x_wconf 80' lang='lat' dir='ltr'>Et</span> <span class='ocrx_word' id='word_1_116' title='bbox 318 2854 441 2916; x_wconf 84' lang='lat' dir='ltr'>definite</span> <span class='ocrx_word' id='word_1_117' title='bbox 459 2859 708 2924; x_wconf 79' lang='lat' dir='ltr'>contentionem.</span> <span class='ocrx_word' id='word_1_118' title='bbox 736 2861 783 2921; x_wconf 87' lang='grc' dir='ltr'>Μ.</span> <span class='ocrx_word' id='word_1_119' title='bbox 804 2861 936 2944; x_wconf 87' lang='lat' dir='ltr'>Oportet</span> <span class='ocrx_word' id='word_1_120' title='bbox 949 2843 1085 2929; x_wconf 56' lang='lat' dir='ltr'>¹obediret</span> 
     </span>
    </p>

    <p class='ocr_par' dir='ltr' id='par_1_15' title="bbox 262 2951 1084 3085">
     <span class='ocr_line' id='line_1_21' title="bbox 262 2951 1084 3085; baseline 0.015 -32"><span class='ocrx_word' id='word_1_121' title='bbox 262 2991 303 3055; x_wconf 92' lang='grc' dir='ltr'>Ο.</span> <span class='ocrx_word' id='word_1_122' title='bbox 323 2952 362 3054; x_wconf 84' lang='lat' dir='ltr'>Et</span> <span class='ocrx_word' id='word_1_123' title='bbox 379 3015 438 3076; x_wconf 87' lang='lat' dir='ltr'>ego</span> <span class='ocrx_word' id='word_1_124' title='bbox 456 2995 537 3059; x_wconf 88' lang='lat' dir='ltr'>talis:</span> <span class='ocrx_word' id='word_1_125' title='bbox 556 2999 654 3061; x_wconf 86' lang='lat' dir='ltr'>redeo</span> <span class='ocrx_word' id='word_1_126' title='bbox 668 3001 697 3063; x_wconf 91' lang='lat' dir='ltr'>in</span> <span class='ocrx_word' id='word_1_127' title='bbox 715 3001 842 3085; x_wconf 82' lang='lat' dir='ltr'>gratiam</span> <span class='ocrx_word' id='word_1_128' title='bbox 858 2951 931 3064; x_wconf 76' lang='lat' dir='ltr'>cum</span> <span class='ocrx_word' id='word_1_129' title='bbox 948 3001 1084 3067; x_wconf 76' lang='lat' dir='ltr'>fortunia</span> 
     </span>
    </p>

    <p class='ocr_par' dir='ltr' id='par_1_16' title="bbox 254 3129 1000 3344">
     <span class='ocr_line' id='line_1_22' title="bbox 254 3129 1000 3222; baseline 0.019 -28"><span class='ocrx_word' id='word_1_130' title='bbox 254 3129 411 3210; x_wconf 75' lang='lat' dir='ltr'>menelae,</span> <span class='ocrx_word' id='word_1_131' title='bbox 427 3151 458 3196; x_wconf 91' lang='lat' dir='ltr'>et</span> <span class='ocrx_word' id='word_1_132' title='bbox 475 3136 592 3198; x_wconf 81' lang='lat' dir='ltr'>amicus</span> <span class='ocrx_word' id='word_1_133' title='bbox 612 3141 684 3214; x_wconf 83' lang='lat' dir='ltr'>tuia,</span> <span class='ocrx_word' id='word_1_134' title='bbox 706 3138 838 3222; x_wconf 85' lang='lat' dir='ltr'>Apollo,</span> <span class='ocrx_word' id='word_1_135' title='bbox 856 3142 1000 3208; x_wconf 78' lang='lat' dir='ltr'>oraculia.</span> 
     </span>
     <span class='ocr_line' id='line_1_23' title="bbox 474 3290 982 3344; baseline 0.026 -10"><span class='ocrx_word' id='word_1_136' title='bbox 474 3290 897 3344; x_wconf 71' lang='lat' dir='ltr'>anantnsnn</span> <span class='ocrx_word' id='word_1_137' title='bbox 979 3320 982 3324; x_wconf 33' lang='grc' dir='ltr'><em>ν</em></span> 
     </span>
    </p>
   </div>
   <div class='ocr_carea' id='block_1_5' title="bbox 261 3409 874 3497">
    <p class='ocr_par' dir='ltr' id='par_1_17' title="bbox 261 3409 874 3497">
     <span class='ocr_line' id='line_1_24' title="bbox 261 3409 874 3497; baseline 0.018 -26"><span class='ocrx_word' id='word_1_138' title='bbox 261 3409 300 3472; x_wconf 81' lang='lat' dir='ltr'>A.</span> <span class='ocrx_word' id='word_1_139' title='bbox 321 3409 367 3472; x_wconf 88' lang='lat' dir='ltr'>lte</span> <span class='ocrx_word' id='word_1_140' title='bbox 384 3412 514 3473; x_wconf 91' lang='lat' dir='ltr'>nuncin</span> <span class='ocrx_word' id='word_1_141' title='bbox 528 3415 621 3490; x_wconf 87' lang='lat' dir='ltr'>viam,</span> <span class='ocrx_word' id='word_1_142' title='bbox 636 3417 874 3497; x_wconf 84' lang='lat' dir='ltr'>pulcherrimam</span> 
     </span>
    </p>
   </div>
   <div class='ocr_carea' id='block_1_6' title="bbox 238 3547 939 3644">
    <p class='ocr_par' dir='ltr' id='par_1_18' title="bbox 238 3547 939 3644">
     <span class='ocr_line' id='line_1_25' title="bbox 238 3547 939 3644; baseline 0.017 -33"><span class='ocrx_word' id='word_1_143' title='bbox 238 3552 242 3563; x_wconf 83' lang='grc'><strong>“</strong></span> <span class='ocrx_word' id='word_1_144' title='bbox 259 3547 402 3612; x_wconf 87' lang='lat' dir='ltr'>Deorum</span> <span class='ocrx_word' id='word_1_145' title='bbox 413 3551 751 3621; x_wconf 77' lang='lat' dir='ltr'>honorantes·Pacem.</span> <span class='ocrx_word' id='word_1_146' title='bbox 780 3559 849 3644; x_wconf 83' lang='lat' dir='ltr'>Ego</span> <span class='ocrx_word' id='word_1_147' title='bbox 865 3579 939 3622; x_wconf 82' lang='lat' dir='ltr'>vero</span> 
     </span>
    </p>
   </div>
   <div class='ocr_carea' id='block_1_7' title="bbox 0 0 1246 4175">
    <p class='ocr_par' dir='ltr' id='par_1_19' title="bbox 0 0 1246 4175">
     <span class='ocr_line' id='line_1_26' title="bbox 0 0 1246 4175; baseline 0 1"><span class='ocrx_word' id='word_1_148' title='bbox 0 0 1246 4175; x_wconf 95' lang='lat' dir='ltr'> </span> 
     </span>
    </p>
   </div>
  </div>
 </body>
</html>
