2484 4175
77 404 141 417 ,,
232 318 326 430 ¹952
444 327 831 406 ORESTES..
875 335 960 409 600.

101 493 107 500 '
226 528 230 545 1
270 485 333 554 Sed
355 457 439 568 quod
456 485 554 560 ntbis,
580 488 635 566 qui
654 484 728 548 haec
741 481 880 560 fecimus,
899 482 1061 550 infeliciter
1060 483 1146 571 fin!

269 630 359 696 Fabia
395 625 551 711 Coniugia
564 625 680 708 quibus
698 627 881 688 mortalium
898 623 1099 699 suntfeiieia.

269 775 333 840 litu
344 774 388 836 est
405 761 493 836 beata
504 769 577 832 vita:
587 767 702 850 quibus
714 783 815 830 autem
824 787 890 831 nou
899 769 982 834 reike
993 769 1136 850 odunt,

166 935 176 983 ζ
202 967 205 974 ,
269 912 294 979 Ii
306 915 382 980 -sunt
398 910 496 979 miseri
513 912 599 974 intus
613 904 741 975 etsocis.

269 1056 309 1120 C.
330 1055 478 1120 Mulieres
489 1049 609 1136 semper
624 1047 852 1134 impedimento
865 1047 1000 1116 fortuni·

266 1197 350 1263 Sunt
368 1196 504 1260 virorum
523 1194 563 1256 ad
580 1191 800 1256 infelicitatem.

265 1335 308 1402 T.
326 1334 598 1424 Quandoquidem
616 1356 649 1396 es
663 1329 814 1408 ferocior,
831 1350 862 1396 et
882 1351 942 1397 nou
963 1335 1047 1399 cedia

235 1515 245 1531 ι
267 1478 434 1556 Oratione,
458 1499 487 1542 et
507 1477 546 1541 iic
559 1474 722 1561 respondes
735 1475 822 1553 mihi,
834 1476 977 1540 dolorem
991 1477 1132 1553 adferam

266 1577 370 1701 Magio
389 1637 437 1681 me
449 1619 592 1708 incendes
612 1613 781 1701 procedere
793 1615 830 1678 ad
845 1633 930 1680 tuam
948 1638 1067 1687 necem.

265 1756 389 1824 Faciam
399 1757 458 1822 hoc
477 1759 638 1840 pulchrum
649 1755 894 1820 additamentum
912 1777 1056 1825 meorum

211 1920 214 1924 ·
263 1895 443 1975 Labotum,
462 1917 601 1979 quocum
615 1893 702 1960 causa
713 1896 783 1958 veui
800 1917 981 1962 ornaturus.

263 2038 471 2125 Sepulchrum
489 2037 577 2103 filiae.
604 2026 686 2099 Nam
704 2038 828 2101 uniens
845 2038 884 2102 ad
901 2055 1107 2109 convocatam

262 2178 1128 2264 MultudinetuArgivorumconcitaboucbemvolentem,

262 2320 332 2387 Nec
348 2322 528 2394 imitemin
545 2338 575 2385 te
593 2337 625 2385 et
644 2338 728 2384 tuam
746 2317 893 2398 sororem,
905 2337 943 2384 ut
960 2321 1037 2386 decia

260 2460 412 2545 Lepidam
430 2484 582 2546 poenamt
604 2478 637 2525 et
650 2462 702 2524 ilia
718 2462 872 2545 maginest
883 2461 977 2547 digna
991 2464 1096 2547 peciu·¹

261 2602 366 2683 Quam
377 2585 512 2687 tu,quae
523 2603 656 2665 imitavit
667 2597 844 2665 teadvecsut
856 2599 1125 2689 matremsemper
1216 2660 1228 2677 ,

260 2742 297 2809 ln
310 2764 419 2807 aucetn
432 2742 556 2807 mittens
568 2740 730 2807 setmones
742 2744 774 2807 in
795 2743 931 2829 pejorem
944 2764 1065 2829 partem

257 2880 419 2949 Nuntians
434 2883 549 2950 somnia
563 2887 605 2949 de
627 2888 879 2971 Agamemnone,

257 3020 298 3088 Et
309 3024 382 3100 hoc,
394 3025 483 3109 quod
498 2984 624 3091 oderint
635 3027 843 3091 concubitum
862 3022 1009 3111 Aegisthi

257 3158 315 3229 Dii
326 3162 433 3230 inferi:
450 3168 567 3253 qnippe
579 3168 609 3229 in
623 3170 685 3231 boc
697 3162 794 3250 postet
805 3183 871 3229 erat
881 3167 910 3231 ei
923 3165 1095 3231 acerbitas:

254 3302 370 3371 Donec
386 3306 525 3371 intendit
537 3310 667 3374 domum
680 3309 752 3393 igne
763 3328 829 3373 uon
842 3306 1008 3372 Vulcanio.

254 3442 410 3522 Menelae,
421 3446 477 3511 tibi
490 3448 548 3512 boc
558 3448 684 3525 iiico,et
695 3463 851 3530 praeterea
861 3445 970 3513 fatiant
979 3448 1088 3516 etiamt

254 3582 289 3648 si
300 3604 390 3665 tutat
402 3606 504 3653 meam
516 3588 708 3655 inimicitiam
720 3606 752 3655 et
763 3586 958 3672 affinitatem,

1221 3073 1228 3178 i
