2484 4175
258 368 329 437 ης
418 338 518 417 O'R·
540 339 571 414 E
596 340 621 415 S
645 338 734 413 TE
764 337 801 412 3.
859 336 965 435 1383.

255 492 490 581 citato-gradu,
503 493 612 556 auditu
625 488 705 555 forte
721 488 871 555 edostum
884 485 1059 567 fortunam,

409 656 491 720 quae
509 654 590 699 nunc
607 632 704 697 adest.

260 778 336 847 Non
351 773 574 845 anteverterltie
587 774 815 860 conjungente·
827 768 1075 850 foeovettibus.
1103 801 1107 806 -
1209 815 1216 835 .

411 890 434 983 n
455 916 601 995 Atridae,

264 1059 304 1127 ln
316 1061 423 1128 domo.
440 1060 624 1125 Vehemens
635 1076 681 1121 ree
693 1055 738 1120 est
750 1055 840 1149 cirin
853 1056 946 1120 rebus
959 1053 1105 1122 secundis

264 1201 387 1269 Contra
398 1222 461 1275 eos.
474 1200 614 1285 quisunt
629 1200 661 1263 in
671 1194 814 1275 advetsm
826 1196 1107 1303 ficnttu‚Otestes,

417 1363 516 1410 nunc.

606 1501 619 1545 ι
641 1499 661 1544 t
684 1498 712 1544 nt
735 1499 754 1545 n
776 1499 803 1545 t.

273 1620 331 1688 M:
341 1623 447 1689 Venio
460 1622 590 1687 audient
604 1618 740 1683 facinora
750 1618 816 1682 dira
832 1638 864 1685 et
880 1618 1006 1689 strenua

272 1760 420 1829 Duorum
438 1766 580 1841 leonum,
596 1784 659 1829 non
675 1766 758 1828 enim
770 1784 851 1829 voco
868 1786 923 1830 eos
936 1768 1030 1832 viros.

274 1900 361 1975 Nam
379 1906 481 1971 audivi
498 1906 536 1971 de
553 1926 621 1971 mea
638 1925 751 1983 uxore,

277 2042 376 2135 Qod
390 2064 456 2112 non
474 2046 509 2112 stt
524 2034 693 2127 intellecta,
708 2044 759 2111 fed
776 2042 910 2109 evanida
920 2046 1046 2127 abierit,

279 2189 428 2253 Audiens
442 2190 563 2254 inanem
577 2187 701 2264 famam,
715 2198 809 2274 quam
821 2203 906 2250 metu
920 2188 1073 2276 deceptus

278 2328 417 2416 Qidam
432 2333 591 2396 nunciavit
604 2333 700 2395 mihi:
718 2329 769 2393 scd
781 2329 956 2395 matricidae

277 2466 364 2534 Sunt
381 2468 439 2534 hae
452 2472 595 2550 technae,
605 2489 638 2536 et
654 2471 760 2557 ingens
771 2469 905 2535 derifio:

281 2609 413 2692 Aperiat
433 2612 539 2698 aliquis
551 2611 700 2690 domum,
714 2608 803 2676 servis
812 2609 912 2691 jubeo

280 2745 397 2814 Pellene
411 2749 591 2832 illationes,
606 2769 640 2818 ut
650 2751 753 2816 saltem
764 2749 859 2814 liliam
872 2771 976 2815 meant

280 2887 424 2956 Liberem
436 2913 474 2956 ex
488 2895 629 2958 manibus
639 2891 801 2962 hominum
816 2891 997 2975 impiorum,

282 3029 321 3094 Et
336 3030 508 3096 Lacaenam
525 3015 667 3096 misenam
682 3054 785 3096 meam
796 3053 931 3097 uxorem

216 3181 221 3187 '
282 3171 457 3256 Accipiam,
472 3193 542 3236 cum
557 3195 619 3257 qna
631 3188 758 3257 oportet
766 3171 899 3236 interfici
913 3193 981 3238 mea
992 3182 1095 3246 manu

283 3307 345 3382 Eos
358 3312 413 3394 qui
429 3313 632 3396 perdiderunt
646 3333 744 3377 meam
757 3312 939 3396 conjugem.

284 3451 328 3514 0.
347 3449 437 3514 Heus
448 3467 496 3528 tu,
512 3475 578 3516 non
596 3459 728 3538 attingas
743 3453 883 3516 manibus
896 3452 1109 3523 ista‘claustra.

284 3587 335 3662 Te
351 3589 529 3664 Menelaum
542 3571 710 3680 compello:
720 3595 775 3683 qui
794 3593 888 3662 elatus
906 3613 939 3658 es
956 3589 1110 3679 superbia,
