2484 4175
341 353 685 438 HECUBA.
738 383 823 462 595.
948 389 997 463 30

132 501 257 572 Malunt
265 505 536 592 anennoeton.
554 507 868 578 intethotuiocatetu
880 509 1000 598 semper

133 643 241 712 Malus
260 648 334 714 nihil
351 649 438 717 aliud
457 673 553 738 quant
572 654 686 733 malua,

1 818 30 844 -
133 785 245 854 Bonus
256 803 360 856 autem
376 793 486 860 bonus:
506 813 608 880 neque
627 813 699 880 prae
711 792 885 860 calamitate

133 928 301 1018 Ingenium
315 935 429 1018 perdit,
445 933 498 999 sed
516 935 618 1000 bonus
637 933 680 1000 e'st
692 931 823 1019 semper.
878 1006 881 1012 ,

131 1069 295 1137 Numnam
309 1089 450 1159 parente·
463 1061 625 1159 praeliant,
642 1097 682 1138 an
695 1071 891 1138 educationes
905 1073 918 1135 l

130 1207 238 1276 Habet
251 1215 400 1298 equidem
412 1213 647 1301 quodammodo
661 1231 693 1278 tt
705 1215 849 1279 educatio
863 1213 994 1278 honesta
1066 1179 1070 1192 ⁸

1 1389 22 1418 e
130 1343 319 1420 Doctrinarn
330 1355 506 1420 honestatis.
527 1353 611 1418 Illud
629 1369 706 1419 vero
720 1354 813 1439 liquit
829 1354 908 1418 bene
1000 1360 1003 1366 ‘

129 1487 297 1573 Didicetit,
309 1497 395 1558 novit
406 1497 490 1580 quod
509 1513 598 1582 turpe
614 1493 670 1573 eli,
687 1514 727 1558 ex
744 1497 857 1580 regula
870 1491 991 1558 honesti

130 1627 339 1717 cognoscens.
355 1633 396 1700 Et
413 1636 487 1702 haec
506 1638 639 1721 quidem
654 1653 746 1700 meua
760 1634 910 1716 ejaculata
922 1636 967 1700 cst

128 1767 261 1836 Frustra.
273 1773 326 1838 Tu
338 1793 422 1856 veto,
436 1771 647 1872 0‘I'altlaybie,
662 1777 754 1854 vade,
766 1792 797 1840 ct
813 1778 844 1840 in
862 1775 988 1860 Argivis

134 1911 235 1978 Haec:
252 1934 292 1978 ne
303 1917 432 2002 attingat
451 1883 552 1984 meatu
564 1916 741 2002 quisquam,
759 1915 811 1980 sed
828 1885 949 1980 arceant

130 2050 366 2121 Multitudinem
383 2079 398 2123 a
418 2057 489 2123 falia.
513 2059 550 2123 ln
569 2057 691 2124 infinito
708 2062 789 2123 enim
805 2059 940 2123 exercitu

126 2188 282 2285 Indomita
293 2200 386 2265 turba
403 2200 592 2285 nauticaque
601 2154 725 2265 licentia

110 2334 309 2403 'Violentioc
321 2340 400 2425 igne.
419 2338 523 2405 Malus
534 2360 611 2405 veto
629 2340 757 2404 habetur
774 2338 914 2424 quinon
975 2320 984 2329 ³

128 2477 257 2560 Aliquid
277 2476 351 2543 facit
369 2478 450 2545 mali.
467 2478 520 2543 Tu
540 2496 646 2543 autem
664 2484 813 2564 accipiens
825 2501 939 2544 urnam
988 2470 994 2483 ‘

2 2668 29 2701 ,
127 2617 275 2702 Antiqua
289 2619 441 2697 ministra,
455 2620 619 2703 intingens,
634 2618 797 2684 adfeahuc
811 2621 923 2690 matini
934 2617 989 2682 sali

125 2751 265 2842 Aliquid
283 2776 319 2823 ut
335 2758 433 2823 liliam
449 2756 577 2824 lavacris
591 2760 754 2843 postremis
775 2783 886 2858 meant,

125 2894 279 2980 sponsata
288 2892 734 2985 nonsponiam,virgincmque
748 2903 986 2987 nonvirginetn‚
1017 2954 1020 2960 ,

10 3042 14 3047 ’
124 3036 251 3102 Lavem.
264 3040 504 3125 Ptoponamque
515 3057 552 3105 ut
560 3042 684 3125 quidem
695 3042 790 3125 digna
802 3042 860 3121 est,
872 3044 959 3105 unde
972 3045 986 3103 ἒ

4 3200 16 3229 t
124 3178 200 3243 Non
218 3176 360 3264 pulsum:
380 3179 429 3245 scd
448 3196 485 3281 ut
500 3178 634 3267 polium.
648 3182 837 3273 Qidcnim
851 3200 959 3265 agam:
980 3171 995 3243 ’.

124 3320 287 3387 Ornatum
304 3320 454 3407 colligent
468 3343 485 3385 a
498 3322 625 3407 captiuis
641 3312 835 3408 mulieribus,

124 3460 214 3555 Qae
232 3464 307 3527 mihi
322 3460 489 3527 affisteotes
506 3463 678 3527 haecintta
691 3463 822 3525 tentoria
936 3446 940 3452 ¹

5 3646 6 3649 =
125 3602 295 3671 liabitaute
316 3604 337 3667 fi
353 3608 511 3691 quaepiam
524 3623 623 3667 novos
635 3603 782 3665 dominos

564 3745 597 3813 H
