2484 4175
256 325 300 424 Q
425 317 936 431 ORESTEs„ssa

253 479 437 558 Lamentor,
452 478 612 544 lamentor.

254 621 368 705 Magna
380 611 500 683 fortuna
513 639 575 682 non
593 620 638 685 eli
655 620 768 686 stabilis
778 624 863 686 inter
871 622 1033 714 hominen

253 761 295 826 Et
312 761 387 826 ficut
403 761 509 823 velum
522 761 682 824 naviculae
699 761 805 826 celeris

255 901 444 968 Concutiens
462 900 557 975 Dens,
572 901 739 987 demergit.

255 1043 433 1127 ingentium
451 1060 684 1120 aerumnarum,
699 1057 851 1126 tanquam
865 1043 966 1127 ponti,

256 1181 293 1248 ln
307 1179 540 1246 vehementibus
554 1182 726 1245 exitialibus
743 1181 846 1251 undis.

255 1321 366 1412 Qram
383 1323 464 1384 enim
478 1319 624 1385 hactenus
641 1319 789 1386 familiam
807 1323 898 1388 aliam

254 1461 429 1540 Diversum,
447 1481 541 1546 quam
559 1464 644 1526 hane
661 1484 678 1525 a
695 1464 809 1527 (livinis
822 1464 942 1548 nuptiis

261 1604 293 1667 A
304 1600 437 1668 Tantalo
450 1617 554 1666 ortam
566 1615 689 1687 oportet
702 1623 752 1666 me
765 1600 895 1670 colere?

505 1728 818 1808 anrraaarn

216 1944 218 1948 ,
260 1883 359 1966 Atqui
371 1904 425 1947 rex
444 1885 505 1947 huc
518 1886 605 1948 venit
686 1922 691 1930 .

198 2013 200 2020 ’
259 2021 422 2089 Menelaus
434 2024 598 2090 dominus}
618 2024 707 2089 valde
718 2045 759 2089 ex
776 2025 855 2090 luxu

259 2164 445 2231 Manifestus
465 2162 604 2263 dignosci

261 2308 359 2397 Qrod
373 2300 409 2369 sit
427 2327 466 2369 ex
484 2304 601 2370 familia
621 2306 842 2371 Tantalidum.

260 2448 292 2513 O
309 2452 364 2537 qui
378 2447 537 2512 concitasti
551 2447 724 2511 exercitum
741 2447 827 2512 mille
843 2447 967 2511 navium

258 2587 297 2653 In
318 2587 431 2656 Anam.

260 2729 351 2793 Salve
363 2754 370 2790 ι
382 2725 524 2791 'sectanda
541 2743 644 2793 autem
658 2726 787 2794 fortuna
804 2728 889 2793 ultro
900 2727 1002 2792 uteris
1106 2733 1110 2740 '

260 2866 342 2931 Cum
359 2867 504 2935 divinitus
519 2868 659 2933 effeceris
677 2890 758 2955 quae
775 2869 897 2955 optasti.

560 3030 735 3075 ranan

261 3150 309 3217 Μ.
328 3150 361 3215 O
377 3152 499 3225 domus,
518 3152 628 3235 partim
640 3150 774 3229 libenter
790 3164 821 3211 te
837 3146 962 3232 aspicio,

259 3292 401 3356 Veniens
414 3312 455 3355 ex
464 3290 573 3371 Troja,
587 3291 696 3373 partim
710 3290 814 3352 ridens
825 3308 926 3374 gemo.

258 3432 343 3495 Nam
354 3434 383 3493 in
395 3434 504 3495 orbem
514 3430 735 3496 circumdatam
748 3428 924 3493 miserandis
936 3432 1020 3495 maiia

260 3571 434 3654 Nunquam
451 3570 511 3635 vidi
529 3570 625 3655 magis
642 3572 733 3633 aliam
751 3570 896 3635 domum.
